2788 4886
270 282 337 352 XL
696 279 950 348 l’llAEFA'l'lO.

270 476 509 554 detraheretur,
535 476 620 562 qood
646 496 720 541 cum
744 473 944 562 Erlaageaai
968 471 1176 539 coniunctum
1202 479 1330 542 aniuet

272 584 406 652 familia
429 583 653 648 testimonium
676 580 874 646 ostenderet.
921 580 1124 661 Romnae,
1143 579 1205 646 obi
1231 583 1269 645 in
1295 605 1330 645 ιιι

272 694 351 779 gine
383 687 558 754 Crataodti
595 687 822 774 corrigebatur
855 687 1010 753 neudum
1047 689 1161 772 ptimo
1196 687 1330 752 editici

273 797 361 887 quod
389 818 431 863 ae
471 798 516 860 in.
542 793 760 862 deterioribus
800 795 932 880 quidem
968 791 1135 857 codicibus
1173 793 1330 880 adparel

273 925 340 970 ooo
363 903 617 968 conmemoraui.
649 900 848 966 lncecdibile
867 914 898 965 ιι
921 911 1044 978 auten,
1059 913 1225 985 quantam
1251 899 1330 966 hul>¹

188 1093 195 1107 '
273 1008 461 1077 molestiam
498 1008 661 1074 eiusmodi
698 1007 860 1073 conlectio
891 1007 1063 1074 uarietatis
1101 1026 1166 1071 noo
1206 1019 1331 1095 perpet

273 1127 425 1195 auctam,
447 1115 506 1179 sed
528 1115 582 1180 hic
603 1113 675 1180 illic
697 1115 827 1202 magnis
849 1111 1035 1178 interuallis
1058 1112 1232 1199 adpositas,
1258 1135 1278 1178 e
1306 1137 1331 1200 ql

272 1222 410 1288 busdam
423 1221 553 1309 quidem
564 1220 743 1302 codicibus,
758 1219 964 1299 altitonanti,
978 1221 1151 1306 perpaucis
1163 1217 1264 1284 locis.
1312 1219 1328 1284 l

274 1349 338 1418 que
352 1349 419 1394 uos
435 1340 469 1392 et
492 1325 597 1392 altere
611 1329 772 1414 scriptura
787 1347 883 1412 quem
909 1339 1007 1392 autea
1030 1347 1083 1390 me
1105 1327 1264 1412 fugisset,
1287 1347 1331 1390 nu

273 1437 360 1502 ictas·
380 1433 542 1502 Addauda
561 1435 733 1518 positast.
769 1433 962 1500 Deteriorea
986 1433 1114 1498 codices
1137 1431 1209 1496 fere
1232 1434 1332 1516 aigin

275 1539 415 1630 quibus,
459 1551 495 1604 ut
515 1551 641 1605 ceteros
662 1541 828 1620 omittam,
850 1539 1028 1620 Gruterus,
1069 1539 1253 1617 Dauisius,
1275 1537 1332 1604 Os

273 1649 427 1727 aienses,
451 1646 656 1712 Goerensius
679 1647 731 1710 usi
751 1657 847 1725 sunt,
878 1648 907 1708 si
933 1645 1101 1730 mihiipsi
1121 1665 1239 1710 omncs
1266 1642 1332 1709 obl<¹

276 1767 406 1833 esseut,
448 1751 626 1838 elegissem
644 1753 783 1818 idoneos
809 1749 956 1836 aliquot,
1002 1773 1139 1838 quorum
1169 1753 1332 1816 uarietate

275 1859 374 1948 pleae
403 1881 562 1945 ponerem
590 1859 632 1924 ad
662 1855 798 1924 familiae
831 1859 1055 1923 testimonium
1090 1855 1213 1943 ubique
1237 1855 1332 1922 abunt

274 1963 526 2048 declarandum
547 1977 675 2032 ceteros
697 1963 844 2030 eiusdem
860 1965 911 2028 rei
934 1984 1052 2029 caussa
1066 1963 1230 2028 interdum
1254 1985 1333 2050 appo

273 2071 407 2140 lessam.
447 2073 485 2138 Si
506 2075 594 2140 euim
622 2073 769 2138 codicum
792 2069 928 2136 familiae
954 2070 1125 2158 descriptae
1155 2081 1189 2135 et
1218 2069 1333 2156 singul

273 2201 347 2247 rum
370 2191 471 2245 testes
490 2179 602 2244 idonei
624 2176 764 2244 adhibiti
784 2187 880 2255 suot,
901 2173 1018 2261 lualde
1042 2189 1172 2256 cusat,
1216 2180 1271 2263 qui
1293 2190 1333 2240 ιιι

275 2287 468 2352 adcessioue
501 2284 617 2370 augeri
647 2280 840 2368 philologia
878 2285 989 2368 copias
1018 2294 1155 2369 putant,
1198 2305 1294 2370 quom
1325 2307 1333 2346 ι

275 2395 453 2475 scripturas
484 2390 605 2475 uiginti
638 2389 786 2454 codicum
819 2390 1000 2453 recentium
1030 2399 1064 2452 ot
1095 2388 1331 2476 interpolatum

275 2497 442 2584 uigcsumi
464 2493 562 2579 primi
582 2496 617 2557 in
651 2493 756 2556 isdem
780 2494 907 2558 mendis
932 2514 1051 2560 nomen
1082 2507 1181 2582 atqua
1203 2516 1302 2558 enum
1333 2521 1334 2550 l

276 2601 416 2667 alterum
438 2619 560 2664 nouom
581 2598 734 2664 nuendum
760 2598 922 2664 adiectum
951 2602 1006 2664 sit.
1052 2599 1150 2666 Nunc
1179 2603 1224 2664 ita
1244 2621 1334 2685 coopt

276 2721 348 2774 ruta
370 2719 442 2772 orat
463 2727 535 2785 res,
577 2716 634 2782 ot,
680 2705 709 2768 si
731 2707 855 2784 omnia,
903 2727 976 2791 quac
1000 2717 1112 2772 notata
1133 2719 1261 2787 esseut,
1305 2729 1334 2794 pt

276 2817 429 2895 cuonem,
453 2826 563 2878 tamea
585 2807 709 2874 nullius
728 2807 874 2890 Gruteri,
895 2810 1034 2892 Dauiai,
1058 2811 1220 2879 (locrensi
1242 2813 1333 2878 codic

276 2919 409 3010 plenam
433 2917 652 2986 conlationem
673 2915 820 2982 habituri
845 2917 1025 2998 scoritano,
1071 2941 1110 2984 ec
1131 2939 1172 2984 ne
1194 2919 1334 2984 oxonio

277 3031 363 3094 aium
385 3027 527 3116 quidem.
571 3023 700 3090 Deinde
722 3043 821 3110 quom
844 3021 985 3088 inlicitis
1004 3027 1177 3112 scripturis
1195 3025 1334 3091 delitent

278 3147 389 3201 notem
408 3132 645 3220 adposuissem,
667 3149 760 3216 toque
783 3127 894 3194 multae
917 3129 1024 3196 dubioe
1048 3145 1082 3196 et
1100 3153 1202 3218 praue
1224 3145 1334 3196 enotata

277 3239 400 3307 relictae
422 3251 543 3303 essem.
591 3235 706 3322 ltaque
736 3234 820 3300 hanc
843 3238 934 3300 tenui
957 3239 1139 3318 rationem,
1162 3251 1214 3318 et,
1236 3237 1288 3302 ubi
1313 3261 1331 3302 e

277 3347 360 3411 mois
382 3345 555 3408 deterioris
577 3342 711 3407 familia
747 3355 804 3408 aut
833 3363 1012 3407 consensus
1043 3357 1099 3408 eat
1128 3343 1288 3408 dissensus
1307 3347 1334 3408 io

277 3448 393 3536 tellegi
415 3452 495 3513 satis
519 3470 585 3514 non
608 3461 738 3536 posset,
778 3447 826 3512 ibi
848 3448 988 3514 eliorum
1011 3452 1198 3515 testimonia
1221 3449 1334 3516 ascribe

275 3577 358 3630 retu,
384 3567 442 3620 aut
463 3553 519 3620 ubi
544 3553 700 3618 inutiliun
725 3555 987 3620 coniecturarum
1009 3567 1043 3618 ct
1063 3553 1271 3621 dubitationis
1291 3578 1331 3620 no

277 3663 471 3728 necessarius
492 3682 625 3726 caussas
648 3664 821 3728 monstrari
844 3660 1051 3746 similemque
1073 3663 1108 3725 ia
1128 3675 1287 3744 posterum
1305 3663 1334 3728 lu

276 3791 349 3838 sum
373 3766 509 3833 excludi
532 3766 612 3833 utile
634 3765 812 3832 uideretur.
857 3768 909 3832 Ac
932 3766 981 3829 lui
1004 3766 1146 3832 fortasse
1163 3769 1197 3831 io
1220 3767 1277 3836 hou
1296 3791 1334 3856 ge

276 3899 355 3944 nere
379 3876 565 3962 copiosior,
586 3895 684 3961 quam
699 3870 817 3951 'debui
839 3883 926 3936 certe
948 3893 1047 3960 quem
1072 3865 1257 3960 cupiebam,
1277 3876 1334 3942 dun

276 3997 378 4048 totum
400 3981 488 4048 hunc
509 3980 617 4048 locum
638 4003 659 4046 a
681 3977 874 4043 confusione
898 3991 932 4044 at
959 3981 1106 4046 uanitate
1136 4001 1268 4068 purgare
1297 4003 1334 4048 co

276 4110 347 4153 nor.
409 4089 448 4155 lu
480 4090 640 4154 uarietate
672 4086 840 4171 scripturae
870 4088 970 4151 etiam
997 4084 1177 4152 Ocelliauoe
1206 4087 1334 4152 editionis

275 4193 526 4280 discrepantiam
564 4191 724 4264 facilioris
759 4194 1002 4278 cooperationis
1039 4214 1156 4264 caussa
1190 4193 1334 4268 &notaui
