2726 4884
345 275 403 340 E'l'
426 273 535 342 Man.
557 273 642 342 LlB.
665 277 693 342 V
717 275 813 342 CAP.
833 282 864 342 h.
1085 283 1146 344 ott

43 493 185 538 stamma
213 483 323 535 tamen
346 473 417 556 ipsa
442 486 497 536 eut
522 474 664 536 uarietas
683 485 733 535 est
757 472 845 552 ullo,
888 473 973 559 apud
997 473 1056 537 hos
1079 477 1149 560 qui-

44 581 153 656 dem,
196 599 279 665 quos
309 581 497 658 nominaui,
539 593 595 644 ant
622 583 707 644 inter
730 579 819 664 ipsos
843 579 1015 644 dissensio.
1082 579 1146 644 Sed

47 707 157 770 quom
181 684 279 749 hesta
304 687 373 748 uita
397 699 572 770 quaeratur
596 687 693 771 idque
712 685 756 748 sit
782 705 902 764 unum,
938 685 1021 772 quod
1042 683 1149 770 philo·

44 791 175 876 sophia
202 805 352 876 speetare
385 804 419 854 et
449 794 543 878 sequi
575 789 712 869 debeat,
756 793 842 855 sitne
871 814 911 857 ea
937 803 1004 854 tota
1027 792 1090 853 sita
1114 791 1146 852 in

45 909 221 980 potestate
240 898 398 981 sapientis
421 918 462 960 an
488 900 592 982 possit
616 911 672 961 aut
692 896 886 962 lahelaetari
909 909 967 961 sut
990 898 1073 982 eripi
1097 917 1147 958 re·

46 1001 121 1066 hus
152 1002 320 1081 aduersis,
369 1005 401 1066 in
431 1025 471 1066 eo
507 1023 748 1088 nonnumquam
778 1006 898 1068 uariari
926 1005 1012 1067 inter
1034 1021 1091 1066 eos
1115 1013 1147 1064 et

46 1108 200 1173 dubitari
222 1109 362 1173 uidetur.
427 1108 522 1186 Quod
547 1131 702 1174 maxumo
727 1107 834 1174 eefieit
862 1107 1083 1194 Theophrasti
1107 1108 1147 1169 de

48 1215 154 1280 beata
173 1218 242 1278 uita
263 1214 369 1296 liber,
414 1217 446 1278 in
467 1235 531 1302 quo
555 1213 692 1280 multum
716 1215 890 1280 admodum
918 1215 1067 1280 fortunae
1092 1212 1147 1275 da-

111 1399 207 1452 mnans)
223 1397 381 1443 romaniola
437 1394 589 1455 philosophia)
601 1395 813 1454 ptttoropttamtt
863 1403 903 1442 sut
917 1397 999 1451 lohes.)
1012 1409 1044 1440 ott
1060 1393 1146 1440 tutti

49 1473 236 1529 nonnunquam)
253 1485 384 1530 oomqtsone
398 1473 480 1518 north
508 1473 608 1518 {ortona
623 1473 701 1528 detur)
711 1475 806 1529 sortior
820 1479 857 1518 est
872 1473 891 1518 Ρ

49 1627 190 1696 Quinctil.
210 1628 257 1694 X,
275 1631 310 1693 7,
345 1627 382 1682 to
400 1635 429 1683 et
445 1627 494 1698 81)
513 1635 563 1683 ant
582 1645 697 1695 eornrn,
716 1631 781 1700 qui,
817 1647 877 1698 que
894 1630 1079 1702 philosophos
1098 1635 1147 1682 errt

50 1719 128 1773 elios
144 1720 271 1774 dometis
289 1721 474 1785 audiuerant,
512 1722 655 1776 mentoris
673 1737 773 1776 cnosso
794 1723 934 1777 uotslrout
945 1723 1076 1788 (Tuseul.
1095 1727 1146 1780 ΙΙΙ,

49 1811 112 1878 5⁸).
149 1813 208 1865 Neo
226 1813 527 1883 propriasignifleatio
546 1814 641 1879 noeis,
677 1830 761 1884 quom
779 1814 958 1868 retinendam
980 1831 1040 1868 osso
1059 1813 1144 1865 etiem

50 1921 84 1956 er
104 1905 194 1957 nerito
213 1905 381 1978 reliqroeruot
400 1905 520 1975 adparet
537 1907 603 1968 (hoe
621 1912 679 1970 est,
698 1923 752 1958 nou
773 1923 805 1958 ex
824 1903 1033 1960 commentariis
1052 1905 1080 1958 iu
1101 1907 1145 1956 lu-

49 2013 115 2046 rern
135 1997 339 2063 protulerunt),
361 2001 510 2076 muitetur,
533 1997 607 2066 quod
628 1999 807 2067 quorundam
834 2005 979 2051 erratorum
999 1995 1049 2066 ipsi
1068 2013 1144 2048 eom·
1235 2007 1247 2030 ⁶

50 2087 186 2140 menturii
211 2087 344 2156 derrripli
372 2095 399 2141 et
418 2087 486 2140 editi
504 2097 586 2150 suut,
624 2098 673 2149 aut
693 2089 765 2158 quod
784 2089 934 2158 scriptores
955 2089 1064 2160 aliquot
1085 2103 1144 2140 mo·

49 2178 146 2231 destioe
166 2196 265 2232 rauna
283 2197 331 2233 eos
350 2181 455 2244 libros,
490 2197 559 2251 quos
577 2181 716 2247 edebant,
734 2181 775 2236 sie
794 2181 1004 2252 inscripserunt.
1045 2185 1145 2249 lisque

49 2271 138 2324 etiarn
159 2276 208 2336 ΙΙΙ,
229 2271 264 2324 10
280 2273 486 2324 commentarios
505 2272 664 2324 Aristotelis
681 2273 722 2326 ita
741 2273 796 2326 diei
815 2283 893 2343 puto,
915 2282 945 2327 ut
964 2273 1021 2326 hue
1039 2273 1073 2322 do
1095 2288 1143 2323 eo-

50 2381 117 2416 ram
139 2361 277 2416 liltrornm
297 2365 391 2417 lorma
410 2373 439 2418 et
456 2363 567 2433 origine
586 2365 726 2418 sententia
745 2363 930 2436 significetur.

122 2455 207 2528 idque
224 2457 261 2507 sit
279 2473 362 2509 onom
384 2457 453 2524 dre.)
473 2455 537 2509 [lid.
558 2457 592 2508 ad
614 2455 636 2522 Ι,
654 2455 698 2511 62.
728 2459 830 2512 Paullo
850 2462 916 2526 post
933 2457 988 2508 sito
1005 2451 1144 2507 ornlttilur

48 2543 75 2598 in
96 2545 216 2600 Germ.

122 2637 309 2704 Theophrasti
325 2641 359 2692 de
377 2640 458 2692 leoto
473 2641 533 2693 seito
551 2640 635 2707 liber)
647 2646 707 2708 usqi
724 2637 892 2711 εὐδαιμονίας
906 2638 1035 2710 (Diogen.
1049 2637 1143 2690 hstirt.

50 2733 88 2795 Ι,
110 2729 160 2792 tm
198 2731 272 2784 alins
300 2731 435 2784 sedenim
454 2739 515 2800 περὶ
533 2725 578 2800 τῆς
596 2734 675 2787 delos
695 2729 867 2804 εὐδαιμονίας
884 2732 941 2785 ibd.
962 2731 1028 2794 to),
1064 2727 1142 2781 surius

49 2823 159 2892 ipsura,
185 2832 216 2876 nt
235 2822 368 2884 uidetur,
406 2822 518 2876 initium
537 2824 848 2895 poniturinlrolflffl
890 2825 1050 2880 nominatur
1070 2822 1143 2875 liher

49 2915 136 2969 etism
159 2916 245 2970 Tusa.
265 2917 298 2979 t,
316 2913 360 2979 tt,
380 2915 526 2970 molliores
544 2923 639 2970 autern
660 2916 719 2970 eius
734 2917 877 2972 sententies
896 2921 1142 2971 conmemorantur

49 3009 136 3062 dead.
153 3013 176 3072 l,
193 3007 237 3071 ὦ,
258 3008 295 3072 ΙΙ,
312 3007 375 3072 lot,
391 3009 476 3061 Tnsr.
496 3011 530 3072 V,
549 3008 602 3074 853
620 3025 671 3062 neo
689 3009 798 3074 dubito,
817 3009 881 3080 quin
903 3010 930 3063 in
950 3011 1047 3062 eodem
1068 3005 1142 3058 lilrro

47 3099 243 3170 Theophrasti
262 3101 297 3152 de
315 3099 376 3152 uita
396 3101 618 3170 contemplation
644 3101 779 3157 indicium
802 3101 956 3170 expositum
974 3097 1068 3153 luerit.
1110 3095 1140 3149 Si

48 3201 142 3246 tomen
165 3191 294 3246 Ciceroni
312 3191 384 3257 illa,
405 3209 465 3260 qua
483 3209 547 3245 uror
569 3194 716 3264 appellet,
734 3194 837 3247 Ethioa
855 3192 1045 3247 Nicomoches
1065 3205 1141 3260 teque

48 3289 114 3339 ueto
133 3301 168 3338 se
184 3287 360 3355 pertrectato
378 3282 497 3338 luissent
516 3291 601 3354 etque
619 3285 814 3354 Theophrasti
833 3284 925 3348 liher,
953 3301 1004 3336 neo
1023 3283 1057 3334 de
1078 3281 1140 3334 dri-

47 3379 149 3430 ttotele
170 3376 308 3430 Antiocho
330 3376 510 3444 credidisset,
548 3377 606 3430 uim
624 3377 746 3430 lortume
774 3376 811 3430 ah
838 3373 988 3430 Aristotele
1015 3373 1139 3429 minume

48 3467 158 3522 excludi
176 3467 292 3523 uidisset
309 3470 388 3529 teth.
408 3469 516 3524 Nieom.
535 3472 564 3534 l,
602 3467 637 3522 ltt
655 3474 683 3523 et
700 3469 752 3534 11,
786 3467 831 3534 Χ,
868 3469 916 3538 9),
942 3468 1138 3541 tttqneipsunt

47 3561 129 3624 illud,
150 3559 177 3614 iu
197 3579 253 3632 quo
271 3561 502 3632 Theophrastum
524 3561 619 3614 uereri
639 3560 706 3614 dieii
725 3561 858 3628 (Turoni.
877 3561 899 3628 1,
917 3561 976 3626 tt),
996 3562 1068 3630 quod
1091 3576 1138 3612 ue-

46 3661 93 3722 got
111 3671 196 3718 enm,
215 3653 263 3723 qni
286 3657 450 3722 torquentur
470 3663 497 3708 et
516 3653 564 3724 qui
583 3653 733 3716 rrueietur,
753 3654 869 3709 hettinus
890 3669 1058 3725 estepano,
1078 3650 1138 3703 illie

46 3747 179 3813 seriptum
203 3741 372 3813 repperisset
391 3746 470 3809 (ΙΙΙΙ,
509 3745 561 3810 13,
586 3745 634 3810 dle
671 3741 700 3799 οἱ
717 3741 746 3798 di
765 3742 814 3800 riv
830 3742 1015 3819 τροχιζόμενον
1030 3747 1075 3796 eol
1091 3735 1137 3794 eh

46 3833 190 3901 domeziaco
209 3831 337 3904 pardinas
364 3841 564 3904 περιπΙποντα
594 3833 740 3906 εὐδαίμονα
766 3833 915 3908 φάσκοντες
933 3834 1017 3896 εἶναι,
1052 3831 1099 3888 e'oiv
1118 3813 1137 3904 ᾗ

45 3921 164 3994 ἀγαθός,
184 3921 205 3994 ἢ
220 3921 321 3980 ἑκόντες
341 3921 358 3996 ἣ
377 3922 485 3985 deerret·
503 3926 577 3983 sidio
595 3927 710 4001 λέγουσι.
744 3927 844 3997 ltaque
863 3926 892 3981 ἐκ
909 3927 956 3997 τῆς
971 3922 1137 3996 sidorpovlos

44 4019 179 4071 κινεῖσθαι
197 4033 277 4085 posse
302 4017 446 4072 hominem
474 4021 579 4074 uirtute
606 4020 753 4091 preditam
780 4019 914 4073 censebat
932 4034 1023 4087 nequo
1041 4023 1135 4071 tomen

45 4125 156 4176 prorsus
174 4102 277 4163 ἄθλιον
295 4109 356 4163 lleri
376 4111 422 4178 (Ι,
452 4113 517 4180 1⁰5
538 4113 572 4166 13
590 4117 618 4166 el
636 4113 694 4178 lt).
731 4111 789 4164 cir.
809 4108 914 4164 Ritteri
933 4111 1007 4165 nter.
1028 4109 1135 4165 Philas.

45 4205 97 4266 tu,
135 4199 281 4273 Μηφ-
321 4200 567 4258 animaduerteret
585 4203 898 4267 hae'l'ennomsnnns,
935 4202 1007 4274 qnod
1026 4201 1134 4256 Aristo-

43 4293 124 4348 tolern
150 4301 252 4360 noret;
290 4294 377 4350 Gaius
399 4293 562 4350 Ciceronem
584 4293 813 4358 reuerentiam,
853 4293 996 4350 ciceronis
1024 4299 1052 4348 et
1077 4293 1134 4350 du-
