2856 4888
313 295 420 365 xxu
736 291 993 363 reddunto.

314 491 406 559 ribus
428 511 474 557 ex
496 488 557 556 illo
580 490 661 554 ortis
681 489 893 558 multifarium
917 491 1102 579 dispertiri,
1123 489 1269 556 ostendit
1292 511 1341 576 per

315 614 391 664 tous
416 598 592 663 eorundem
617 596 764 662 codicum
787 599 823 662 in
842 599 884 662 iio
907 595 1001 678 locis,
1024 594 1082 661 ubi
1104 593 1262 662 notabilis
1284 594 1341 660 diu

315 707 496 793 pandect,
541 723 731 769 consensus·
785 704 896 791 Atque
918 707 947 769 is
969 723 1150 769 consensus
1169 701 1336 768 eiusmodi

315 825 369 892 ut,
395 813 451 900 qui
475 809 667 898 diligentius
688 807 802 896 paullo
827 811 1000 890 adtendat,
1021 809 1120 876 facile
1144 808 1277 891 uideat,
1299 813 1335 874 in

316 920 396 983 teris
404 939 506 1004 prope
516 930 704 984 constanter
719 938 759 982 ee
776 937 860 996 esse,
875 938 947 1004 qua
964 939 982 982 e
995 918 1231 982 contrariorum
1245 918 1341 1002 script

316 1045 422 1112 neque
445 1045 524 1090 cusu
546 1043 651 1111 neque
676 1023 831 1090 mutando
853 1036 926 1088 orta
946 1045 1021 1088 erse
1044 1023 1191 1111 possint,
1214 1025 1251 1088 in
1273 1023 1327 1088 bis

317 1145 383 1196 tem
407 1152 468 1212 eu,
513 1151 584 1218 qun
606 1127 763 1219 adpereet
786 1142 843 1196 aut
866 1141 912 1194 ert
936 1132 1082 1217 priorum
1111 1131 1276 1216 scriptura
1298 1149 1341 1194 eu

316 1238 445 1303 detorta
465 1259 540 1303 esse
564 1247 633 1319 aut,
659 1239 745 1326 qnod
767 1259 807 1302 ea
828 1249 886 1302 ent
907 1257 974 1301 non
990 1234 1242 1323 intellegeretur
1262 1249 1320 1300 ent
1338 1239 1341 1300 l

316 1343 436 1410 leuiter
472 1343 652 1431 deprauata
690 1358 779 1410 essct
816 1356 873 1410 ent
900 1346 935 1408 in
979 1341 1040 1408 bos
1070 1343 1165 1408 initio
1192 1341 1341 1430 neglege]

318 1452 532 1538 transcripta,
560 1451 602 1515 ad
625 1448 854 1517 difficultatem
878 1440 1059 1514 tollendam
1081 1445 1281 1514 mendumue
1302 1470 1341 1514 oc

319 1559 453 1624 tendum
473 1557 667 1643 excogitata
696 1578 780 1622 esse.
849 1556 964 1644 ltaque
993 1559 1028 1621 in
1051 1554 1218 1643 prioribus
1249 1555 1338 1634 illis,

318 1663 491 1730 consilium
514 1676 548 1728 et
571 1661 726 1728 uoluntas
750 1666 905 1728 uniuerse
927 1676 1110 1750 spectetur,
1152 1662 1276 1728 codicis
1297 1685 1341 1729 an

317 1774 386 1856 typi
408 1773 569 1858 scriptura
592 1766 735 1834 fideliter
759 1781 954 1834 conseruata
976 1783 1009 1834 et
1030 1781 1210 1857 propagata
1233 1782 1283 1848 st,
1320 1781 1341 1834 sl

320 1899 382 1964 qne
405 1875 458 1941 illi
481 1875 655 1957 meliores,
677 1878 712 1942 in
736 1876 789 1941 lris
812 1897 853 1942 ee
874 1879 1067 1962 sapissome
1088 1875 1318 1963 interpolando
1340 1903 1341 1918 ¹

320 1996 415 2072 rupta
440 1997 483 2049 st.
547 1982 658 2070 Atque
681 1984 714 2047 id
737 1995 804 2048 tam
827 1995 858 2048 st
880 1985 1101 2064 menifestum,
1122 1995 1159 2047 nt
1181 1992 1214 2046 et
1235 2004 1256 2047 a
1277 1980 1341 2048 Bre

320 2089 585 2156 animaduersum
606 2091 650 2154 sit
670 2099 704 2154 et
731 2103 848 2176 postea
875 2113 896 2156 a
920 2089 1106 2156 Goerenzio
1133 2102 1167 2154 et
1186 2087 1262 2154 aliis
1284 2089 1341 2174 dup

320 2198 450 2265 familie
470 2198 617 2263 codicum
639 2207 894 2265 conmemorare.
965 2197 1031 2262 Sed
1049 2197 1148 2260 iidem
1173 2195 1341 2278 (tenturus

321 2319 383 2385 rat,
405 2316 440 2370 ut
462 2302 716 2389 intellegerent,
740 2299 837 2390 quale
862 2313 966 2366 totum
989 2300 1052 2365 boc
1072 2302 1247 2365 discrimen
1270 2320 1341 2364 esse

321 2431 419 2499 quem
443 2412 510 2474 uim
534 2408 672 2474 haberet
702 2409 743 2473 nd
765 2427 895 2472 omnem
920 2408 1182 2474 testimoniorum
1204 2405 1245 2470 dc
1269 2407 1341 2492 sing

320 2514 405 2581 locis
429 2517 702 2599 astumationem)
724 2516 916 2600 sapissnme
930 2515 964 2576 in
987 2509 1134 2599 apicibus
1150 2511 1341 2578 deterrumu

322 2619 469 2688 codicum
492 2620 652 2686 iactandis
674 2619 836 2699 luserunt,
856 2615 1061 2682 Goercnnins
1082 2621 1181 2684 etiarn
1196 2616 1281 2684 lalaa
1304 2621 1341 2684 de

321 2725 449 2793 dinibus
473 2726 635 2792 narrando
656 2738 759 2791 totum
782 2705 982 2791 familiarum
994 2725 1236 2791 ditinctionem
1249 2725 1341 2812 pluru

322 2832 404 2899 locis
425 2830 626 2898 obscurauit.
697 2831 821 2900 Uerum
842 2833 909 2912 ita,
952 2845 989 2896 ut
1012 2832 1106 2912 dixi,
1144 2853 1238 2912 esse,
1267 2835 1341 2920 prin

323 2939 498 3006 ostendunt
520 2938 759 3017 additamenta,
807 2959 878 3025 quse
905 2939 939 3002 iu
962 2939 1067 3004 isdem
1095 2938 1262 3004 codicibus
1286 2939 1341 3006 hau

323 3048 440 3135 partim
472 3067 549 3110 casu
577 3057 654 3110 uate
679 3046 798 3130 partim
832 3043 1107 3130 interpolatione,
1152 3048 1187 3110 in
1219 3046 1323 3112 altero

322 3175 402 3219 nere
424 3173 491 3217 non
515 3163 602 3216 sunt.
657 3149 779 3216 Casum
799 3163 832 3216 et
855 3172 1000 3219 errorem
1022 3150 1165 3234 hebent,
1196 3173 1267 3241 quse
1291 3151 1326 3234 1,

323 3259 485 3326 adduntur
509 3257 641 3344 (etenim
665 3255 738 3344 dc.)
763 3271 796 3324 et
819 3255 847 3342 l,
869 3261 913 3326 ὅθ
936 3261 1148 3346 (uoluptatem
1171 3265 1269 3324 cliuus
1294 3260 1341 3324 do

321 3345 609 3454 interpolationem
633 3363 852 3446 manifestem,
877 3388 948 3454 quse
973 3365 1071 3447 1‚5o
1094 3355 1298 3458 (uonxpolesl
1323 3365 1341 3434 d

325 3487 358 3539 et
372 3472 417 3555 ll,
439 3475 480 3538 12
501 3471 574 3558 (red
585 3469 684 3551 forle
705 3473 1067 3558 dicitu),17(dr·cere),
1090 3472 1289 3560 reportet
1309 3473 1341 3555 (tr

324 3587 357 3644 et
375 3587 413 3646 ot
433 3581 618 3664 ruggerus),
638 3581 682 3644 ue
705 3580 848 3663 (cunstat
870 3579 956 3664 dc),
975 3582 1019 3645 us
1039 3576 1173 3663 (ludere
1200 3582 1326 3642 tectisue

324 3688 399 3771 cet),
427 3687 471 3750 02
493 3686 635 3772 (quum),
676 3684 843 3773 multaque
884 3708 944 3772 per
982 3697 1108 3751 ceteros
1138 3683 1241 3750 libros
1277 3686 1341 3748 sim:

325 3789 453 3861 Deinde
477 3790 564 3857 idem
593 3790 761 3858 declarant
793 3791 896 3858 uerba
925 3793 959 3858 iu
985 3791 1037 3858 his
1064 3789 1217 3860 omnibus
1242 3790 1341 3870 codici

322 3961 553 3980 Μ

346 4065 375 4136 ¹)
393 4063 480 4134 Quod
497 4063 642 4138 inpriore
669 4065 732 4121 loco
757 4065 862 4122 llloreli
879 4067 968 4124 codex
986 4069 1015 4136 (c
1033 4063 1212 4130 melioribus)
1237 4061 1341 4118 additae

242 4289 248 4300 ·
392 4155 1156 4326 :dllptldlddluedl'cell'dl'ecplep’erildseoeailfcpubli-ddcdwdc
1166 4157 1291 4305 Ἤ
1309 4173 1341 4304 dd

394 4345 490 4400 (ouem
509 4342 565 4400 iam
590 4352 635 4398 ter
652 4352 733 4399 antea
753 4342 920 4418 appellauit)
937 4359 1091 4416 uunquam
1108 4339 1242 4416 loqnibrr.
