2788 4886
310 299 380 366 xli
736 295 989 366 PRAEFdTIO.

309 487 540 572 scripturorum
563 495 769 571 optumarum
793 505 907 549 ecruru
929 484 1097 562 codicum,
1120 503 1209 568 quos
1236 485 1322 565 ipse

308 596 538 658 utentissunros
560 613 634 656 esse
652 590 880 668 intellexerat,
922 593 1062 674 gretiam
1087 592 1119 653 ei
1143 589 1322 654 iaciamus

309 721 372 786 que
394 701 481 764 enirn
505 697 603 763 aliter
621 695 694 761 fieri
712 711 852 784 poteret,
874 719 972 784 qunnr
995 694 1096 760 semei
1118 696 1297 759 eiusmodi

308 803 374 870 sibi
398 805 544 871 delectus
576 803 718 869 bobendi
740 806 791 868 ius
815 805 1019 886 sumpsisset.
1068 801 1260 886 (Exempla
1283 823 1322 864 er

308 914 354 976 tio
375 911 453 978 libri
474 911 490 976 1
512 912 582 977 baee
602 924 698 974 runto
721 932 763 974 ex
788 909 1002 997 Erlsngensi:
1051 911 1111 989 §8
1135 908 1317 986 deducat,

310 1017 451 1099 Grecis,
478 1019 715 1098 toutonem,
738 1019 770 1082 id
790 1031 853 1098 est,
873 1019 931 1082 uel
950 1018 1056 1080 dicans
1079 1017 1125 1098 (in
1150 1013 1231 1079 loeo
1258 1035 1322 1076 uer

306 1131 416 1203 sermo)
438 1139 471 1190 et
486 1147 618 1210 porrum
641 1139 674 1190 et
706 1146 748 1190 ne
778 1126 853 1209 (etsi
883 1123 945 1189 boc
975 1135 1025 1186 est
1055 1124 1203 1188 omnium
1229 1121 1322 1184 cedit

305 1235 348 1296 14
368 1233 561 1312 Aristouii,
606 1234 648 1297 15
671 1253 750 1318 ego,
797 1229 1067 1296 luttemarssen
1093 1227 1200 1306 dicit,
1251 1241 1322 1292 cett

306 1336 413 1404 Multo
437 1341 544 1404 ruinus
563 1337 859 1422 reprehendamus,
882 1337 967 1424 quod
992 1359 1056 1401 non
1079 1336 1223 1413 indicat,
1247 1356 1267 1397 e
1288 1357 1322 1418 qr

306 1445 475 1510 codicibus
488 1444 610 1531 aliquid
626 1457 736 1531 ponet,
758 1466 855 1531 quorn
871 1467 916 1510 ex
931 1445 1074 1530 opturuis
1084 1443 1282 1528 sumpserit,
1309 1463 1322 1502 ι

306 1555 447 1637 (nomini
460 1552 577 1636 pune).
624 1549 676 1616 Ne
694 1549 777 1616 illud
802 1552 930 1638 quidem
951 1549 1049 1615 uelde
1073 1549 1260 1614 mirandum
1288 1549 1322 1610 iu

307 1659 515 1745 quodetiam
541 1657 597 1722 ubi
620 1658 660 1721 de
689 1659 851 1741 scriptore
881 1658 1047 1744 disputet,
1092 1657 1224 1721 codices
1247 1673 1322 1716 suos

306 1763 423 1850 glegit‚
445 1776 482 1828 ut
494 1764 534 1828 cd
548 1763 575 1844 1,
592 1766 615 1829 b
637 1764 818 1843 ndnotuuit,
837 1777 926 1828 recte
946 1762 1113 1829 Bremiurn
1135 1772 1203 1827 tarr
1216 1780 1322 1824 reuoe

306 1871 392 1956 quod
418 1893 438 1934 n
459 1869 598 1934 Dauisio
630 1884 663 1934 et
692 1870 846 1934 Ernestio
876 1872 911 1934 in
941 1879 1067 1934 tontum
1101 1882 1265 1934 mutatum
1302 1889 1322 1928 e

306 1979 340 2042 in
366 1979 436 2042 suis
459 1974 627 2042 codicibus
648 1997 722 2042 esse
752 1983 900 2055 tautum,
947 1988 982 2039 ut
1012 1977 1046 2040 in
1079 1974 1235 2040 omnibus
1258 1994 1322 2038 unu

304 2083 368 2149 fuit
388 2099 422 2150 et
455 2083 613 2150 Dsuisiur
645 2084 685 2148 de
712 2085 782 2147 suis
812 2083 963 2162 dixerat,
1008 2104 1073 2147 uon
1101 2082 1261 2147 adtendit.

305 2194 448 2270 irascor,
471 2190 556 2276 quod
581 2193 614 2253 in
639 2189 743 2274 primu
767 2192 932 2254 mentione
955 2190 1076 2254 codicis
1098 2188 1318 2274 Erlangensis

305 2312 412 2378 erret,
455 2300 489 2361 iu
514 2318 554 2361 eo
584 2295 685 2360 scribi
705 2315 770 2359 noro
792 2306 858 2361 tuos
880 2297 919 2359 r'd
939 2317 1075 2360 narrans
1092 2317 1152 2382 pro
1174 2315 1240 2359 non
1264 2295 1322 2358 ιἰΙι

306 2426 412 2489 neque
436 2403 521 2489 qnod
545 2404 658 2487 paucis
683 2401 835 2466 uersibus
860 2415 934 2488 port
958 2401 1000 2486 (1,
1019 2405 1055 2486 2)
1078 2402 1209 2481 scribit,
1252 2405 1287 2465 in
1310 2421 1322 2466 ι

304 2509 397 2576 cibus
421 2508 507 2572 band
529 2511 643 2594 petreis
665 2521 698 2571 et
719 2505 889 2571 ueteribus
910 2509 1111 2572 editionibus
1124 2509 1322 2578 essecdrnc'ot

304 2616 389 2704 quod
413 2617 446 2680 in
474 2615 690 2700 paucissumis
715 2627 784 2693 est,
828 2637 933 2701 neque
957 2617 1042 2702 qnod
1066 2614 1187 2680 ibidem
1212 2637 1284 2680 eurn
1309 2637 1322 2679 c

304 2743 378 2788 nern
402 2719 577 2786 uerborurn
599 2723 634 2784 in
658 2719 769 2785 multis
793 2721 960 2788 codicibus
995 2735 1028 2786 et
1052 2721 1220 2786 ueteribus
1242 2723 1318 2784 editi

303 2829 365 2894 bus
395 2850 467 2893 esse
495 2830 564 2908 nit,
609 2850 680 2916 quse
709 2830 742 2892 iu
764 2825 856 2891 nulio
879 2839 992 2893 uetere
1016 2829 1159 2893 editione
1181 2842 1211 2893 st
1241 2827 1322 2912 (pou

300 2935 382 3022 pdr'a
406 2958 427 3001 c
452 2935 568 3018 soors).
635 2933 687 2999 Ne
710 2935 870 3000 eiusruodi
893 2937 1024 3021 quidem
1048 2937 1161 3022 grnrris
1185 2955 1308 2998 errores

301 3065 375 3123 ror,
420 3041 528 3129 qusiis
559 3041 757 3106 udseuernns
781 3057 815 3105 et
838 3040 922 3106 ulios
944 3043 1042 3106 etiem
1067 3045 1234 3128 corrigens
1264 3043 1296 3103 in

302 3149 413 3215 codice
436 3147 632 3232 Erinngensi
667 3151 829 3212 conruittit
851 3149 900 3231 (ut
932 3147 1088 3234 exempla
1122 3170 1141 3212 e
1174 3169 1272 3232 perun
1296 3169 1322 3232 pt

300 3255 379 3321 libri
400 3254 535 3318 secundi
559 3256 699 3338 sumum)
733 3252 784 3330 tl,
808 3256 851 3317 44
873 3255 922 3337 (in
944 3254 1090 3338 cudens),
1133 3257 1175 3317 49
1198 3254 1322 3337 (laudun

299 3365 343 3427 54
368 3363 413 3444 (et
435 3362 469 3424 in
496 3359 537 3423 de
560 3372 595 3422 et
620 3361 654 3424 iu
680 3361 834 3439 collide),
866 3363 910 3423 ω
930 3361 1108 3446 (uegetiore
1132 3381 1194 3424 nou
1215 3359 1319 3423 tanen

299 3471 343 3534 ⁷5
364 3465 471 3550 (modo
494 3466 577 3528 dixu
601 3471 697 3550 ego),
739 3468 783 3530 78
807 3467 861 3549 (de
884 3474 933 3529 ert
967 3469 1089 3531 curioso
1121 3481 1154 3530 et
1174 3467 1212 3530 de
1234 3465 1322 3550 quide

297 3577 341 3639 ’111
357 3573 412 3655 (de
432 3575 553 3635 onrisso
576 3568 702 3651 Siculo,
724 3591 822 3656 quom
845 3571 890 3651 id,
914 3573 1001 3657 quod
1023 3571 1122 3636 babet
1143 3571 1221 3650 Eu,
1240 3593 1282 3634 ex
1304 3593 1320 3634 e

299 3679 445 3768 proferet
466 3690 500 3741 et
523 3677 671 3762 probet),
716 3681 761 3742 α)
784 3679 833 3760 (ιίι
856 3682 971 3742 anino
992 3678 1156 3761 tuendis),
1199 3681 1239 3742 82
1258 3679 1322 3760 (reru

298 3786 426 3864 nourr),
442 3787 487 3849 Ob
507 3781 672 3867 (diffidit),
692 3786 736 3850 oo
756 3785 876 3869 (turpe,
898 3789 970 3848 or'rs'
983 3805 1048 3848 non
1069 3805 1150 3865 erre,
1172 3783 1222 3849 ubi
1234 3783 1322 3849 Paion

295 3951 529 3972 ἒ

317 4059 346 4127 ¹)
365 4057 509 4112 Adnotuui
529 4055 714 4129 aliquotiens,
734 4053 925 4110 Goerenriunr
943 4059 980 4113 de
996 4058 1058 4114 corb
1076 4057 1139 4112 un.
1157 4057 1284 4120 neusse,
1317 4075 1322 4110 ι

362 4155 482 4221 propter
505 4149 589 4204 slim
614 4165 673 4202 ren
699 4165 800 4203 caussa
823 4149 995 4206 admonendi
1019 4157 1100 4212 ωτι
1137 4167 1174 4206 ne
1197 4149 1255 4224 quis
1277 4157 1322 4222 put

364 4247 459 4295 cetero
476 4241 552 4314 opud
573 4257 637 4298 mnu
660 4239 789 4314 reperiri.
