2768 4898
260 240 302 300 ni
612 236 672 301 on
694 185 870 303 uulnus
893 235 1010 304 nou·

263 433 329 495 uini
361 443 392 494 ot
417 451 562 494 canossam
594 427 763 494 ecfieiendi
794 431 1006 517 reliquerunt.
1078 431 1142 498 Sed
1169 431 1233 498 hoc
1270 455 1329 502 con

264 559 360 602 niune
378 538 510 611 uitiu1n;
534 534 613 600 illne
636 537 769 622 Epicuri
791 539 941 623 propriae
963 539 1095 613 ruinae3
1117 553 1230 605 censet
1255 543 1329 624 enin

318 730 447 785 eefieiondi)
462 744 505 778 em.
521 731 539 776 L
574 733 663 785 censet)
678 736 703 775 et
718 735 802 774 censet
817 729 838 774 il

264 913 396 967 uitiosum
419 915 484 979 (etsi
511 915 593 968 semel
618 915 824 983 unumquodque
851 915 973 982 dicetur)
999 909 1097 968 contre
1123 914 1184 970 eod.
1211 913 1329 968 Toricei

262 1021 330 1059 sem.
366 1007 433 1058 Mox
451 1006 619 1074 reliquerunt
632 1013 688 1060 est:
706 1023 760 1058 non
779 1011 945 1073 tractarunt,
964 1013 995 1060 ut
1012 1007 1058 1071 lv,
1075 1007 1102 1070 7,
1121 1008 1156 1059 ile
1173 1007 1264 1077 begg.
1286 1009 1309 1070 Ι,
1328 1023 1329 1046 l

264 1101 369 1150 Caussa
388 1097 539 1165 eofieiendi,
557 1115 616 1169 qun
633 1097 790 1169 propriant,
809 1107 924 1170 proptor
939 1115 1025 1170 quom
1044 1097 1221 1169 qnisoliqoid
1234 1098 1329 1152 euticie

263 1189 354 1244 minos
374 1191 488 1261 proprie
505 1206 557 1261 pro
577 1191 718 1256 ecficiente
736 1188 847 1244 dieitur.
1031 1173 1034 1186 ¹

335 1283 391 1334 ittae
412 1282 528 1351 Epicuri
541 1283 666 1350 proprie
683 1282 787 1348 rninoe3
824 1289 916 1335 censet
936 1281 1199 1350 entim)1‘ronomeo
1221 1280 1288 1340 suc,
1326 1295 1329 1332 ι

263 1384 350 1446 sepe,
387 1375 544 1444 explicatur
562 1373 700 1428 sententio
715 1345 773 1444 per
801 1377 870 1428 enim
889 1373 999 1430 edieetn
1018 1380 1046 1427 et
1067 1391 1101 1427 eo
1120 1373 1259 1434 retentum
1279 1372 1329 1450 'ui

263 1469 298 1520 nd
319 1469 375 1532 ΙΙΙ,
393 1466 438 1522 26.
471 1467 530 1520 Neo
547 1473 643 1520 tomen
663 1467 815 1538 explicatio
833 1468 885 1529 ¹illo
904 1467 997 1537 prime
1015 1464 1154 1518 sententio
1173 1463 1329 1517 absoluitoi

262 1559 447 1630 nequeenim
468 1557 630 1611 ulloroine
648 1564 690 1623 st,
718 1561 769 1614 etsi
788 1576 908 1630 prooem
926 1566 968 1619 st,
1003 1559 1076 1627 quod
1096 1563 1204 1611 atomos
1222 1557 1329 1609 deorsui

262 1650 334 1703 iorni
358 1656 455 1720 putet,
473 1649 576 1702 nenium
596 1651 690 1718 plures
708 1651 814 1714 eninm
834 1657 901 1704 sunt
919 1669 956 1704 ee
974 1650 1003 1703 in
1018 1665 1126 1716 eorum,
1146 1666 1205 1719 qne
1225 1647 1329 1708 adicio!

263 1747 320 1807 tur,
338 1740 537 1812 repugnantia.
567 1740 613 1794 Fit
632 1740 687 1794 hoo
704 1743 844 1796 interdum
864 1745 937 1814 opud
958 1742 1140 1803 Ciceronem,
1158 1748 1205 1806 ut,
1224 1741 1329 1795 oration

262 1833 421 1888 nonstetim
433 1840 510 1888 recto
521 1851 605 1886 eursu
619 1851 652 1887 eo
663 1835 871 1906 progrediente,
890 1853 944 1905 quo
958 1835 1069 1895 debent,
1089 1830 1229 1904 particulo
1240 1836 1329 1896 senten

264 1926 317 1981 ties
335 1933 503 1982 connectens
522 1924 618 1994 inepte
637 1926 778 1991 uidentur,
799 1925 822 1979 si
841 1927 876 1980 ed
895 1944 958 1980 eom
978 1927 1067 1980 soloni
1090 1925 1258 1980 sententium
1278 1924 1329 1976 reli

265 2024 360 2084 rotor,
388 2017 415 2071 in
436 2035 491 2090 que
510 2019 602 2089 posite
620 2020 674 2087 sit,
699 2037 884 2089 mosomeqne
901 2021 956 2072 hoo
974 2017 1078 2071 occidit
1095 2017 1122 2069 in
1144 2017 1178 2070 iis
1198 2015 1329 2086 perticuli

265 2130 326 2181 que
345 2111 510 2165 conclusione
530 2110 678 2178 dicuntur,
697 2113 800 2180 itaque,
820 2130 922 2181 qnare,
942 2109 1013 2165 eliis.
1041 2112 1129 2163 uelut
1147 2110 1233 2162 Tose·
1254 2109 1299 2172 ΙΙ,
1321 2107 1329 2162 l

263 2203 288 2257 si
305 2203 440 2280 limeseia
457 2204 556 2274 logne:
585 2205 683 2273 Itaque
703 2220 808 2270 semper
828 2204 979 2268 Africanus
997 2202 1165 2254 Socraticum
1184 2199 1329 2267 Xenophot

264 2296 363 2347 tomin
384 2295 659 2361 monitostinbebat,
695 2291 766 2347 nihil
785 2293 821 2347 sit
839 2295 873 2347 ud
892 2293 1040 2366 superiore
1058 2292 1194 2363 ineptios3
1231 2291 1272 2344 sin
1288 2309 1329 2362 pei

264 2387 388 2440 uexeoisi
409 2387 487 2440 ouius
505 2389 533 2438 in
552 2389 649 2456 primis
666 2386 801 2439 laudabat
820 2387 997 2456 iliudspuod
1016 2387 1136 2451 diceret,
1152 2385 1256 2438 eosdem
1276 2384 1329 2434 tao«

263 2496 378 2530 resnou
400 2493 458 2530 esse
477 2497 550 2546 oeqne
567 2480 668 2548 grauis
688 2479 840 2545 inperatori
857 2485 884 2530 et
901 2479 984 2531 militi
1002 2479 1074 2544 Sne,
1109 2475 1217 2531 uidebis
1236 2476 1292 2529 hoe
1311 2478 1329 2530 d

265 2570 388 2646 contium¹
405 2566 507 2623 tuisse:
544 2571 640 2639 linque
660 2571 812 2638 Africanos
831 2571 966 2623 laudabat
989 2571 1077 2632 iliud,
1113 2569 1185 2638 quod
1205 2567 1329 2636 Xenoplu

265 2663 368 2716 diceret
386 2662 438 2717 &e
477 2662 594 2716 Adiecte
617 2661 778 2716 obseruatio
798 2663 938 2733 primorie
960 2661 1103 2716 sententie
1122 2662 1215 2716 locum
1233 2677 1329 2731 oreupi

266 2753 316 2807 uit.
351 2753 506 2808 ‹Eiusdem
526 2755 638 2826 generis
657 2754 712 2808 lnoe
729 2761 786 2816 est,
824 2755 859 2808 de
877 2756 956 2818 Oret.
974 2760 1016 2819 11,
1053 2752 1121 2807 2172
1162 2753 1329 2822 itnqoepne

264 2847 396 2914 quosdam
409 2845 519 2899 Groeees
538 2847 685 2918 inscriptos
704 2847 788 2900 libros
807 2865 865 2902 osse
883 2846 1012 2901 uidissem
1032 2847 1065 2898 de
1083 2846 1218 2910 ridiculis,
1236 2863 1329 2899 noenu

266 2931 463 3008 lamisionem
483 2957 627 3004 ueneram,
662 2957 744 3009 posse
772 2957 813 2994 sne
837 2940 942 3010 aliquid
967 2939 1079 2991 existis
1098 2940 1211 2994 discere.
1259 2939 1329 2992 Sens

170 3021 176 3032 ’
265 3032 431 3096 Bisontios,
463 3032 539 3084 mole
557 3033 616 3084 hoeo
634 3033 775 3085 cohaerene
793 3049 856 3085 cum
874 3031 1084 3103 superioribus,
1108 3030 1136 3082 in
1156 3030 1255 3102 quilius
1273 3031 1329 3084 null

265 3124 426 3194 significato
443 3130 470 3178 st
487 3138 572 3176 conse
590 3122 752 3177 huiusmodi
771 3125 847 3194 spei,
873 3126 922 3178 sod
940 3124 1033 3195 potius
1052 3122 1228 3193 desperandi.
1263 3123 1329 3176 Rern

267 3215 321 3270 enit
339 3216 500 3279 conclusio,
533 3215 555 3268 si
575 3215 666 3284 itaquo
686 3216 721 3268 ed
742 3232 878 3286 proxumo
895 3216 1057 3271 rettuleris:
1096 3215 1189 3273 inueni
1205 3221 1294 3266 autern
1314 3233 1329 3265 r

268 3307 362 3360 dicuin
389 3315 416 3358 et
441 3309 517 3360 salon
544 3309 633 3360 nescita
661 3307 836 3374 Groeeorom3
862 3339 894 3349 -
925 3311 974 3362 oetl
1000 3309 1047 3378 poi
1075 3309 1133 3361 eius
1155 3307 1197 3360 rei
1223 3307 1329 3359 rationo

268 3401 404 3468 quondam
426 3401 517 3453 cunuti
536 3407 598 3452 sunt
620 3407 760 3469 artemque
778 3402 906 3462 tradere,
944 3403 984 3454 sie
1012 3400 1111 3453 insulsi
1136 3399 1329 3452 extiterunt&

267 3491 375 3545 Eodem
393 3489 465 3544 ontio
484 3497 510 3544 st
527 3489 556 3544 in
575 3491 649 3544 libro
671 3494 682 3543 Ι
700 3493 735 3544 ile
752 3493 786 3548 N.
807 3495 840 3548 Ι).
861 3493 905 3558 85,
919 3494 968 3547 noi
987 3495 1080 3562 ito'qoe
1098 3491 1219 3562 pertinet
1234 3491 1267 3544 od
1285 3491 1329 3546 ills

268 3585 295 3634 in
314 3582 366 3635 kae
387 3583 427 3634 itu
450 3584 573 3650 exposito
592 3585 726 3636 sententio
745 3593 818 3650 sont,
837 3587 885 3655 qni
903 3587 1064 3638 existument
1084 3583 1136 3638 &e
1180 3583 1307 3637 linodius
1326 3583 1329 3640 l

268 3674 395 3732 Tnirsell.
414 3674 472 3739 ΙΙΙ,
492 3694 518 3744 p.
539 3675 591 3729 5οΙ
611 3675 638 3728 in
658 3677 712 3729 hnc
730 3683 758 3730 ot
775 3677 839 3732 eliis
860 3679 967 3746 aliquot
985 3676 1070 3741 loeis,
1105 3675 1150 3745 qni
1171 3676 1247 3730 nulio
1264 3676 1329 3730 ertit

268 3769 311 3821 nio
326 3768 456 3838 egebant,
470 3767 561 3835 itaque
582 3769 643 3820 uolt
656 3785 731 3821 esse:
753 3771 808 3834 ons
812 3769 922 3838 guone
937 3769 974 3821 W
974 3771 1038 3836 eise,
1056 3769 1127 3838 quod
1149 3785 1298 3838 numquam
1317 3789 1330 3822 s

268 3861 393 3932 gnificot.
421 3858 552 3930 Apertior
564 3863 605 3912 est
624 3860 682 3912 hec
701 3861 844 3916 sententio
862 3862 1056 3916 anioneciendae
1076 3860 1329 3931 comprimoriopei

269 3954 386 4009 mutatio
405 3957 455 4006 aut
472 3953 573 4004 saltem
592 3953 706 4020 aequnlis
729 3955 863 4009 connexio
882 3955 909 4010 in
929 3953 978 4020 iis,
1018 3972 1076 4024 que
1102 3951 1191 4024 ndtigi
1216 3971 1329 4022 supino

270 4047 343 4114 515.
386 4047 483 4098 lininio
506 4061 607 4098 nomen
634 4044 663 4100 h.
689 4047 708 4099 l.
736 4048 834 4101 eodem
862 4049 945 4101 modo
964 4046 999 4098 de
1026 4063 1122 4098 errore
1146 4043 1211 4115 poni
1235 4044 1326 4098 oidetn

269 4155 324 4206 quo
343 4140 418 4208 opud
436 4133 597 4192 honoretium
613 4143 643 4197 Ι,
664 4123 718 4190 oto
736 4137 900 4208 (Principiis
919 4147 1007 4192 tomen
1030 4139 1057 4191 in
1075 4156 1166 4193 rerum
1180 4139 1273 4203 secere
1295 4156 1329 4191 ru

271 4231 334 4296 nos)
354 4235 380 4282 et
400 4231 517 4284 uerbum
544 4227 722 4284 coniunctum
742 4230 817 4285 intro
837 4238 872 4298 ΙΙ,
892 4231 933 4284 18.
963 4232 1004 4284 ue
1022 4231 1137 4302 Epicuri
1156 4229 1277 4302 physicis
1294 4247 1329 4300 qu
