2720 4878
321 291 383 358 ET
404 289 515 358 MAL.
537 289 622 358 LlB.
644 291 677 357 ll
699 291 795 360 CAP.
816 298 847 360 8.
1071 301 1132 364 lind

53 491 117 552 aitis
151 485 366 552 stabilitatem
409 487 589 572 uoluptatis
623 485 744 566 habet,
787 487 847 552 ille
887 501 995 554 entem
1038 491 1132 556 nolu·
1175 497 1183 514 '

53 609 116 678 ptae
135 596 239 681 ipsius
262 595 483 658 restinctionis
506 597 540 658 in
563 605 652 658 motu
674 605 715 657 at.
758 591 825 658 Cur
855 596 966 680 igitur,
988 597 1132 682 inquam,

54 723 99 766 rea
126 715 192 765 tem
220 699 391 764 dissimilia
421 698 535 764 eodem
571 700 702 764 nomine
734 697 903 783 appellent
956 705 1005 766 lu.
1044 702 1133 779 Quid

56 806 155 894 paullo
169 821 258 886 onte,
279 808 396 892 inquit,
414 806 570 883 dixerim,
582 826 690 870 nonne
703 809 891 886 meministi,
915 829 1012 893 quom
1026 811 1132 876 omnia

55 912 138 978 dolor
156 913 321 977 detractus
349 923 455 990 esset,
501 913 642 990 uariari,
682 934 746 977 non
769 917 884 999 angeri
908 911 1131 995 uoluptatemi

58 1018 183 1084 llemini
209 1039 308 1096 aero,
342 1021 486 1105 inquam.
534 1018 600 1082 Sed
622 1029 658 1082 tu
680 1019 764 1082 istuc
786 1019 875 1083 dixti
898 1018 982 1083 bene
1003 1019 1133 1100 Latine,

103 1212 222 1271 eeinpmia
237 1211 316 1266 lebet)
329 1211 403 1256 tutet
417 1211 552 1268 adleuatio
566 1209 640 1255 iudet
652 1210 675 1254 n
703 1209 783 1266 leniet)
803 1214 883 1270 inquit
902 1211 956 1259 edd.
975 1211 1137 1274 armenon)

59 1289 189 1342 melani«
217 1289 275 1343 ten)
290 1287 371 1333 onii
425 1289 460 1332 rt.
474 1287 684 1343 inanimatae
711 1287 777 1343 dixti)
790 1290 879 1335 dictati
891 1287 962 1336 mett

62 1459 143 1508 teate·
160 1454 216 1507 erit
234 1460 264 1507 te
291 1459 370 1508 teate·
412 1453 458 1521 (si
474 1453 514 1508 aie
533 1452 755 1524 interponente,
789 1455 937 1532 defectum
965 1453 1020 1510 crit
1046 1455 1135 1520 dnbio,

62 1547 125 1616 quod
140 1548 270 1600 hiaretur
289 1545 393 1612 omitit,
418 1546 599 1617 Buhkopiiue
616 1545 783 1608 rcuoeeuit,
814 1565 868 1600 nou
891 1546 1060 1614 intellexit3)
1097 1546 1136 1600 id.

64 1637 130 1706 epici.
148 1637 193 1702 77,
212 1637 264 1690 lle
283 1637 401 1690 animent
418 1639 506 1691 uariis
522 1638 672 1708 gener-idne
692 1639 827 1696 emittunt.
862 1640 919 1693 Nec
942 1639 1025 1693 aliter
1044 1639 1135 1709 Quin·

63 1727 179 1783 ctilierne
195 1729 245 1794 X,
264 1728 291 1792 t,
310 1728 343 1782 2:
363 1729 448 1783 lidron
467 1731 595 1784 Plutonia
618 1730 706 1784 edidit
725 1729 776 1782 doc
793 1747 894 1802 genere
912 1730 1135 1799 (exercitationia

65 1821 158 1884 caen)
177 1821 339 1874 &moleton

124 1911 262 1965 Reatincto
281 1913 361 1980 min)
382 1914 430 1970 Sic
451 1932 518 1985 rugo
538 1915 635 1982 Cret„
670 1923 698 1970 et
722 1915 763 1968 ite
779 1913 887 1967 editum
911 1911 995 1966 tacito
1014 1929 1031 1967 a
1052 1914 1136 1980 Uice,

67 2003 146 2068 Grut,
163 2005 236 2058 Dan.
281 2005 456 2060 Confirmant
473 2005 559 2061 etiam
578 2007 653 2077 Scir.
677 2014 705 2059 et
720 2004 839 2061 (ium.
875 2006 943 2058 0rx.
962 2007 1045 2072 Εῑιχ,
1063 2006 1138 2063 (iud.

67 2095 87 2158 l,
103 2095 173 2157 lien,
192 2097 304 2164 aliquot
322 2097 384 2151 edd.
405 2103 475 2153 uctt.
494 2098 568 2152 Nem
584 2100 728 2154 restincto.
764 2098 915 2153 Exciderat
933 2096 1049 2150 enimin
1067 2115 1137 2152 uou-

67 2185 155 2253 eullie,
170 2195 201 2241 nt
219 2187 247 2240 ia
267 2190 329 2244 eod.
345 2189 419 2244 Uict.
778 2195 781 2205 ’

126 2280 277 2348 uoluptatis
294 2279 387 2351 debet)
423 2282 507 2349 Quod
526 2281 614 2352 uolgo
642 2279 755 2333 additur
780 2279 885 2352 inquit,
921 2279 1027 2336 omittit
1051 2280 1138 2335 etiam

70 2369 147 2442 Spin,
163 2389 215 2426 aec
235 2370 351 2425 uidetur
367 2371 408 2426 eie
425 2390 442 2426 c
461 2372 553 2443 prima
572 2372 825 2438 cententia(1nrno
844 2373 899 2424 elie
915 2377 1028 2442 genere)
1047 2373 1075 2426 in
1095 2373 1139 2425 el·

70 2467 145 2515 teram
162 2464 320 2517 neumaiam
337 2461 405 2518 reici
424 2463 560 2535 potuieee.
594 2464 759 2535 (Repetitur
775 2463 803 2518 iu
815 2466 909 2518 ultera
922 2463 1062 2518 uenientia
1073 2470 1140 2519 ante

70 2554 214 2608 umfiuom
232 2557 249 2608 1
267 2555 303 2610 N.
325 2558 359 2610 u.
381 2557 438 2624 1⁷.)

125 2663 207 2700 noane
221 2647 379 2720 meministi)
398 2650 460 2703 Non
478 2647 697 2719 inprobabiliter
718 2647 865 2704 Bremieae
899 2666 953 2702 nen
982 2648 1138 2710 meministi,

72 2735 176 2792 inmo
193 2745 305 2794 certum
325 2749 368 2806 ιι,
403 2739 517 2794 Leunoi
536 2740 563 2794 id
581 2747 742 2795 conetunter
759 2746 870 2794 acceto·
890 2757 969 2806 eme,
987 2742 1061 2810 quod
1082 2737 1140 2809 pri-

72 2845 136 2884 mun
156 2828 295 2897 occurrit,
321 2837 353 2886 ut
370 2849 458 2886 nonne
476 2839 538 2888 tum
557 2834 687 2898 dicetur,
725 2849 809 2904 quom
830 2833 1011 2886 adfirmatum
1031 2832 1138 2900 aliquid

72 2915 99 2972 iri
116 2931 258 2991 patmus,
294 2941 365 2984 non,
393 2943 479 2994 quom
497 2933 652 2997 querentes
673 2923 848 2979 admiremur
864 2921 973 2995 aliquid
992 2940 1046 2976 aon
1065 2923 1138 2979 fieri.

73 3011 122 3066 lloc
140 3015 211 3068 enim
229 3015 395 3086 Torquate·
419 3015 506 3072 dieite
542 3017 677 3071 odiitucne
695 3034 740 3081 ece
776 3017 829 3070 eir.
848 3017 948 3086 perillo
966 3021 1030 3084 poet
1057 3013 1140 3081 §152

77 3101 110 3158 Te
125 3133 155 3148 -
170 3125 222 3160 eon
244 3108 323 3160 uider
340 3107 398 3160 -i
418 3109 473 3163 Sed
492 3107 610 3163 difficile
633 3117 659 3164 ιι
684 3107 839 3172 indicium,
877 3107 1012 3175 quonium
1031 3106 1058 3159 in
1078 3105 1139 3176 ipae

75 3213 128 3250 nea
143 3207 234 3254 aoetro
253 3217 336 3254 aenae
356 3199 502 3256 diocedunt
518 3199 631 3266 Latini,
660 3219 745 3270 quom
763 3201 859 3252 dicunt
877 3199 963 3251 lisine
981 3205 1007 3252 ct
1025 3197 1140 3257 cimilia.

76 3287 102 3342 u
117 3291 244 3346 uidentur
263 3293 406 3346 interdum
426 3293 454 3347 in
473 3293 527 3348 illa
544 3309 657 3365 quoque
678 3290 788 3344 ratione
805 3309 893 3344 nonne
911 3289 1029 3356 dixierc3
1064 3299 1141 3346 certe

77 3381 155 3436 eadem
172 3382 333 3455 corrigendi
346 3385 498 3439 neeeaeitaa
517 3392 544 3438 et
562 3383 631 3438 elibi
651 3383 745 3436 eritet
762 3382 808 3434 lrie
827 3382 901 3436 libro
921 3385 955 3446 V,
973 3383 1022 3439 862
1044 3383 1142 3438 Nonne

76 3471 145 3538 igtur
161 3477 210 3529 eut
227 3477 373 3543 uidentur,
394 3478 501 3550 inquit,
518 3475 616 3530 matut
650 3477 724 3532 Num
740 3475 794 3528 lroe
812 3474 898 3528 dicite
936 3476 1033 3531 credie
1054 3477 1142 3548 igitur

77 3577 118 3617 111
133 3585 187 3622 caeo
202 3569 305 3621 malai

127 3659 192 3714 ictuc
209 3659 294 3726 dieti)
318 3660 394 3712 ictuc
412 3661 474 3714 iere
492 3659 666 3730 antiquiores
686 3661 747 3713 odd.
770 3661 886 3727 (lierni,
906 3663 1001 3727 Crat,
1035 3658 1140 3726 Uiet.);

76 3751 201 3804 reuocauit
215 3753 301 3806 (iret.
322 3769 338 3804 e
358 3753 419 3806 Pal.
438 3754 470 3816 15
500 3757 654 3806 tenuerunt
666 3751 767 3808 relicui
781 3754 875 3820 tacite,
893 3755 947 3809 niai
966 3754 1039 3823 quod
1053 3753 1141 3806 (iuius

75 3831 128 3892 item
144 3843 225 3897 tacite
243 3845 335 3906 istud,
373 3851 404 3898 nt
431 3845 502 3898 oiim
522 3845 598 3900 Man.
626 3852 653 3898 ct
674 3845 782 3900 Lirinus
802 3849 846 3916 (ot
863 3848 943 3902 codd.
964 3849 1032 3900 On.
1053 3847 1141 3910 unx).

77 3925 138 3984 Dixti
154 3937 229 3990 dedit
249 3935 340 4002 Uict..
359 3945 421 3992 tum
441 3939 524 3992 Grut.
545 3954 560 3989 o
580 3939 642 3991 Pal.
661 3939 677 3992 1
698 3945 725 3992 et
742 3946 894 3994 tenuerunt
914 3937 1017 4002 ceteri,·
1055 3937 1142 3988 hebet

75 4017 143 4078 ciem
159 4029 231 4098 Scir.
255 4029 336 4096 (011.
361 4031 430 4096 EUz
454 4029 569 4095 dirimi.)
614 4029 701 4084 Nolui
719 4031 826 4095 delere,
865 4033 940 4103 quod
959 4029 1021 4082 lieri
1040 4036 1139 4097 potest,

77 4114 170 4186 utipre
193 4120 292 4174 Cicero
319 4122 478 4194 aeripuerim
515 4123 567 4177 etei
593 4123 616 4176 ei
644 4122 667 4176 ie
692 4139 726 4176 ea
751 4139 876 4193 ayneopa
899 4123 928 4175 in
952 4121 1092 4189 loquendo
1114 4129 1143 4174 et

77 4205 203 4263 erileaio
220 4227 286 4266 uene
306 4220 357 4280 cat,
373 4221 427 4270 aut
446 4221 607 4272 eonateater
625 4215 651 4270 id
673 4215 741 4270 iecit
759 4221 810 4270 aut
827 4215 929 4266 1111111111
942 4212 1042 4282 wuito
1056 4229 1140 4286 quum

78 4294 152 4354 uiuo·
167 4301 233 4358 loela
253 4305 313 4369 (irie
333 4312 361 4360 ct
381 4306 422 4361 ill
442 4309 476 4363 N.
492 4310 524 4364 ll.
544 4307 580 4363 m
598 4315 627 4365 et
645 4311 680 4364 ad
700 4311 758 4364 nu.
776 4305 866 4372 Xill,
885 4305 933 4368 823
964 4323 1014 4374 {³¹¹⁰
1034 4307 1143 4362 0³⁰3ssst
