2726 4884
299 295 356 362 nr
378 297 488 364 uun.
511 295 594 404 ern.
619 296 666 365 ιι
691 299 787 400 cue.
812 303 863 364 ιι.
1065 303 1129 366 aaa

43 494 185 577 qratiam
209 510 292 570 nee,
312 493 341 556 si
363 489 459 581 [iiie]
483 497 617 580 sepiens
638 496 678 558 ed
705 497 842 560 tortoris
863 492 1018 560 eeuleura'
1036 514 1055 556 a
1075 507 1123 578 ty·

44 619 134 662 ranno
158 599 207 660 ira
228 609 388 683 cogatur,
423 598 566 664 similem
592 598 714 665 habeat
736 599 861 665 uoltum
896 612 929 664 et
949 599 976 663 si
997 597 1122 684 ampul-

41 703 96 770 iarn
122 702 335 789 perdidisset,
381 703 438 768 sed
471 717 507 768 nt
537 727 691 790 magnum
721 718 755 770 et
785 703 920 769 diffieile
955 718 1121 769 certamen

42 811 150 888 iniens,
171 829 272 896 quom
295 807 359 874 sibi
381 831 453 874 oum
477 811 609 898 capitali
631 795 841 890 aduersario,
863 809 998 888 dolore,
1021 811 1121 896 depu«

41 913 187 1000 quandum
214 915 355 995 uideret,
374 919 538 981 excitaret
558 920 665 982 omnis
688 919 833 982 rationes
858 915 1059 982 fortitudinis
1082 938 1121 980 ao

42 1021 212 1105 patientiae,
235 1043 374 1106 quarum
397 1024 560 1108 praesidio
584 1027 682 1088 iniret
703 1021 837 1088 difficile
862 1021 957 1100 iilud,
979 1033 1015 1084 ut
1035 1021 1121 1098 dixi,

45 1148 244 1214 magnumque
268 1126 443 1210 proelium.
491 1127 621 1196 Deinde
644 1150 708 1194 non
730 1129 938 1215 quaerimus,
962 1126 1039 1213 quid
1062 1125 1120 1190 nb·

85 1312 132 1362 ree)
146 1310 212 1356 reB
248 1312 320 1369 [iileD
334 1325 377 1359 orn.
392 1313 422 1368 Β,
436 1312 488 1357 rina
503 1312 568 1357 aneia
583 1313 625 1358 0r.
660 1316 684 1356 et
700 1311 730 1366 ri)
744 1325 775 1356 ae
788 1313 812 1368 qt
827 1311 907 1356 iecor.
942 1307 1119 1364 armanellus)

44 1383 74 1425 tii·
85 1387 105 1429 ι
118 1387 240 1434 iswiior.
271 1388 406 1446 quarimqa)
421 1403 560 1448 pareremus
573 1382 699 1434 aurcos.

47 1551 102 1618 qued
116 1554 243 1618 praeitor
263 1557 358 1613 hauri
374 1557 465 1610 miuus
485 1556 631 1610 eommude
650 1553 772 1620 dieitur,
798 1553 861 1606 ideo
881 1569 935 1606 non
955 1557 1032 1605 reete
1050 1549 1120 1604 dini·

48 1643 181 1702 turinum
197 1647 321 1724 aliquem
339 1650 466 1704 cruciatu
485 1648 540 1708 dol.
560 1665 595 1700 oc
611 1647 754 1720 pronitate
774 1645 959 1704 membrorum.

99 1736 163 1806 [itte]
180 1741 309 1810 sopierat)
334 1741 441 1794 Aberat
466 1755 619 1810 pronomen
647 1756 664 1793 a
689 1736 797 1800 ”binis’'
824 1735 894 1800 art,
930 1734 1019 1806 igitur
1045 1734 1119 1792 aiter

48 1823 103 1896 ipit.
125 1837 191 1885 erat.
253 1834 320 1888 Non
351 1833 560 1888 demonstratur
588 1831 701 1905 rapiens
717 1833 863 1898 tamquam
884 1825 1072 1897 eiougirrquo
1092 1827 1119 1877 ei

48 1920 109 1984 qnasi
122 1923 188 1976 aiibi
207 1930 457 1988 conmemoratnr,
476 1925 534 1988 aed,
553 1923 618 1994 quid
639 1923 666 1976 in
687 1923 746 1976 einr
764 1936 913 1992 perronam
934 1925 962 1972 et
978 1919 1118 1972 actionem

52 2011 128 2078 utut,
145 2015 319 2087 simpliciter
337 2015 486 2087 quaritur,
508 2024 539 2070 ut
561 2015 664 2068 rectius
683 2031 837 2085 pronomen
857 2013 956 2064 aberro
977 2008 1117 2062 uideatur.

49 2103 109 2170 Quod
126 2107 208 2162 (isius
225 2104 347 2179 Epicuri
368 2107 523 2176 rapientem
542 2108 589 2161 irie
608 2116 636 2162 et
657 2108 715 2171 111,
750 2101 786 2158 42
802 2103 957 2175 significari
980 2106 1061 2172 putat
1080 2099 1121 2163 (et

50 2195 196 2266 iruatrribit,
215 2207 248 2255 ut
267 2201 388 2264 omnia,
408 2200 506 2266 Otto),
525 2198 619 2253 simile
639 2206 665 2253 rt
682 2196 788 2252 relicuo
808 2197 867 2250 eius
885 2194 1010 2266 stupori,
1036 2209 1120 2262 aper·

50 2286 140 2348 limma
156 2309 293 2370 qunque,
331 2293 396 2344 dum
417 2290 522 2364 aiiqnid
544 2291 638 2346 dicere
656 2298 792 2356 conatur,
812 2284 1009 2358 peruerrenrte.
1044 2283 1118 2354 Quid

51 2379 106 2434 enin
121 2384 151 2436 sd
177 2386 320 2440 Catonern
346 2384 527 2440 reiutandum
553 2383 694 2452 pertinet,
733 2381 799 2451 quid
825 2379 938 2450 rapiens
963 2373 1143 2446 Epieupeur,

50 2470 222 2531 turitunii?
258 2477 296 2530 Id
315 2474 468 2547 quaeritur,
494 2474 732 2546 ntrumropienr,
759 2473 787 2526 iu
806 2471 885 2526 ruins
905 2484 1024 2541 persona
1043 2471 1119 2518 reete

52 2566 130 2632 agendi
149 2571 283 2640 reputem
310 2584 407 2621 omnes
434 2563 596 2639 philosophi
622 2565 849 2628 adumbrabant,
884 2563 924 2615 ric
945 2560 1120 2614 indioatnraa

51 2651 89 2718 lii·
106 2665 130 2712 ut
145 2660 307 2716 Stoicorum
330 2660 403 2714 ratio
422 2659 554 2712 uideatur
571 2661 726 2733 postutare,
746 2671 783 2710 au
801 2663 833 2710 nt
851 2664 981 2708 ueterum
999 2650 1119 2720 Peripa·

51 2747 172 2806 tetimrurn
198 2757 227 2809 oi
252 2749 499 2808 Academicorum.
560 2757 659 2820 Itaque
684 2769 720 2804 ne
746 2745 858 2803 Stoicus
876 2747 990 2818 quidem
1007 2743 1118 2814 rapiens

52 2835 87 2891 irie
99 2840 289 2916 intellegitur,
326 2845 374 2896 red
400 2842 557 2898 eommunis
582 2843 716 2914 rapientis
743 2842 829 2896 notin*⁴
866 2841 1019 2898 (Praeterea
1049 2835 1118 2904 Epi-

53 2929 97 2984 curi
112 2933 206 2992 dietum
226 2938 263 2990 de
291 2932 419 3005 sapiente
444 2935 474 2988 in
499 2934 662 2989 Phalaridis
689 2937 773 2988 ianro
801 2935 994 2986 exclamantes
1032 2943 1119 2999 quum

53 3019 93 3074 ΕΜ
107 3031 200 3083 ruane!
230 3032 260 3083 at
284 3027 446 3085 stou-orum
464 3027 500 3080 de
518 3027 646 3098 rapiente
667 3028 696 3080 in
716 3027 816 3080 eeuieo
833 3026 946 3080 ironiam
964 3019 1053 3075 uitam
1072 3034 1117 3071 re-

53 3111 135 3170 lineato
157 3118 330 3186 confundit)
384 3119 458 3173 Turn
484 3119 733 3180 steintunam,
770 3119 860 3182 nau,
898 3109 1118 3169 Geiuaenodd.

54 3204 121 3270 (Pali
137 3212 277 3284 quisque,
294 3213 387 3266 Mead.
397 3247 407 3275 ,
429 3195 491 3282 dt,
515 3213 546 3268 G.
564 3213 595 3266 G.
616 3213 665 3277 0.,
684 3210 744 3275 ϋχ,
764 3209 817 3262 (iri
835 3205 1001 3272 omninum
1030 3199 1117 3255 ueteri

53 3311 77 3348 Μ
90 3301 124 3366 tir
138 3303 190 3360 uid.
211 3307 246 3359 ad
268 3305 304 3370 ΙΙ,
323 3303 366 3359 21.
394 3305 521 3358 Duorum
540 3301 684 3356 numinum
702 3317 753 3371 per
774 3296 1044 3359 etroniunetiouem,
1062 3302 1118 3348 ndu

52 3393 224 3450 sententiarum
244 3393 489 3466 conparationem,
508 3395 596 3448 habet
615 3392 699 3446 etiam
719 3393 742 3444 is
764 3393 859 3456 inens,
877 3387 924 3462 qui
944 3405 959 3442 e
978 3387 1064 3442 Ture.
1085 3387 1118 3450 V,

52 3477 212 3549 irrotantur.
249 3488 449 3544 Memorabilis
468 3495 622 3542 astantem
643 3503 756 3556 prorsus
776 3484 803 3537 in
823 3483 876 3536 hon
898 3484 960 3536 ioco
979 3477 1118 3536 orationis

54 3575 161 3632 maritas
176 3597 197 3636 a
211 3580 274 3647 rei,
292 3599 351 3651 qun
370 3599 446 3636 aune
463 3577 525 3636 deri
547 3580 689 3648 fingatur,
716 3575 926 3649 significatione
943 3581 971 3628 et
989 3565 1118 3644 presenti

53 3663 156 3734 {rupero
177 3673 212 3725 ad
239 3670 300 3727 einr
321 3672 576 3744 significationem,
615 3671 688 3741 quod
708 3675 785 3724 e'erta
806 3667 971 3722 condicione
990 3665 1118 3719 futurum

54 3766 123 3822 Μ,
139 3761 164 3816 in
181 3764 225 3818 iris
247 3763 359 3818 ner-iriae
387 3781 438 3818 nee
459 3766 485 3816 ri
501 3793 535 3804 -
557 3770 692 3832 cogatur,
711 3791 746 3802 -
763 3761 881 3826 iubeat,
900 3759 966 3822 red,
985 3770 1064 3828 queem
1084 3775 1118 3790 -·

53 3845 155 3920 uidua,
181 3856 314 3912 excitaret
336 3857 407 3922 dre,
426 3873 443 3910 e
461 3873 517 3928 qua
536 3851 735 3926 neglegentia,
753 3870 838 3925 quarn
861 3851 954 3906 uicina
976 3846 1034 3898 heo
1053 3841 1118 3904 rint,

54 3936 139 3996 diruere
155 3956 284 4015 poterunt
302 3944 482 4020 grammatici
510 3945 633 4017 qnidam.
692 3947 796 4000 Paniio
816 3951 878 4015 post
903 3937 1022 4006 difficile
1048 3924 1128 3986 ΗΜ

55 4029 122 4087 etiam
138 4036 207 4107 Spin.
230 4041 300 4094 ΕΜ.
320 4041 441 4096 inuersa.
898 4091 902 4100 ,

109 4125 203 4184 Deinde
218 4149 270 4185 noo
287 4133 448 4208 preterimus)
483 4131 604 4186 Secutus
623 4143 685 4184 runi
707 4127 783 4180 Man.
812 4129 840 4176 et
858 4117 940 4175 Lbiui
964 4117 1118 4174 eorrectio-

55 4225 118 4282 ¹⁰m‚
150 4223 185 4274 air
203 4225 247 4279 ed.
266 4225 349 4280 Rom.
369 4231 555 4295 preceptum
576 4220 663 4276 ueteri
681 4229 840 4292 queremur,
898 4213 959 4266 Non
982 4210 1049 4266 dieii
1070 4211 1118 4265 Ci-

56 4319 113 4369 tue,
130 4313 192 4382 qnid
211 4317 362 4388 aliqnando
381 4315 525 4389 querituri
542 4313 609 4379 rint,
626 4327 677 4368 nee
695 4307 791 4364 differt
809 4302 988 4377 questionem
1005 4304 1049 4369 (ut
1066 4301 1116 4362 aaa
