2728 4878
310 318 395 383 ¹ur
419 319 528 384 usu.
551 316 634 382 nra.
656 316 672 382 1
694 317 789 384 car.
810 323 842 382 s.
979 397 981 402 ¹
1092 319 1134 382 oo

64 513 137 576 dixit
157 515 190 576 in
213 513 370 600 physicis,
391 533 453 576 neo
476 535 517 577 ea
538 515 622 599 ipsa,
642 535 727 599 quse
748 511 809 577 tibi
831 511 1056 599 probarentur.
1098 512 1136 578 Si

62 641 114 703 qus
134 619 219 682 iniis
239 621 404 704 corrigere
428 618 554 697 uoluit,
578 620 740 684 deteriora
762 621 850 684 lecit.
879 617 1135 684 Disserendisr-

63 738 115 788 tera
142 723 264 789 nnllam
287 723 412 788 habuit.
476 723 688 809 Uoluptatem
710 747 807 812 quoni
829 745 989 790 summurn
1014 721 1136 788 bonum
1175 753 1180 778 ι

63 833 189 910 diceret,
235 832 377 916 primurn
408 829 441 894 iii
475 851 515 894 eo
549 832 622 916 ipso
650 854 765 918 parurn
791 833 892 911 uidit,
934 830 1049 894 deinde
1073 828 1136 893 hoc

64 959 177 1024 quoquc
197 937 367 1010 alienum
411 957 486 1000 narn
518 951 594 1001 ante
618 939 827 1025 Aristippus,
868 951 901 1004 et
924 937 983 1002 illc
1004 934 1134 1002 melius.

65 1044 212 1107 Addidisti
247 1043 288 1107 ad
321 1055 525 1123 extremum,
567 1046 664 1108 etiarn
701 1046 867 1109 indoctum
904 1045 1019 1108 inisse.
1083 1041 1135 1104 27.

110 1291 171 1344 dirit)
183 1294 248 1338 diois
259 1292 373 1338 aaron
408 1291 433 1338 si
446 1295 501 1349 qna)
511 1296 535 1338 si
546 1307 599 1350 qsoe
606 1295 647 1342 0r.
661 1299 706 1341 sed
717 1299 742 1341 er·
753 1307 802 1350 quo
813 1291 926 1338 amca
951 1291 991 1345 iis)
1005 1289 1043 1334 leis
1053 1288 1138 1333 arca

65 1365 165 1412 leterisn
179 1390 207 1402 -
222 1368 375 1426 uoluptatem)
388 1380 433 1413 orn.
447 1367 469 1412 E
507 1373 606 1427 quoque)
619 1372 715 1426 prodii
742 1369 934 1424 meiiusisddnnt
948 1365 1073 1413 amictis
1088 1371 1137 1410 ste-

65 1445 105 1486 sisr
117 1445 225 1498 psooioor
236 1445 361 1490 detractio
373 1447 404 1489 de
415 1445 512 1492 domins
526 1449 639 1492 cennius
674 1447 799 1500 Addidisti)
811 1445 908 1491 dteoiii

68 1659 178 1714 codicum
199 1657 365 1714 testimonio
390 1659 626 1724 conuinoerotur‚
660 1669 755 1716 tamon
782 1661 812 1715 in
837 1661 892 1715 huc
915 1660 999 1714 breui
1022 1675 1137 1713 coacer-

69 1752 164 1806 uatiooo
196 1751 271 1805 ferri
307 1751 487 1821 inequalitas
518 1759 678 1824 temporum
709 1773 764 1808 non
793 1760 903 1824 posset,
946 1770 997 1806 noc
1023 1751 1051 1806 in
1082 1753 1137 1806 lrac

69 1843 308 1898 conmemoratione
326 1843 471 1913 presentis
487 1844 573 1898 iudici
601 1847 747 1901 excusari:
773 1847 858 1909 dicit,
894 1861 955 1919 qooe
975 1873 1011 1887 ·-
1033 1844 1138 1913 prolo-

68 1941 153 1992 misr.

123 2029 146 2079 si
159 2031 225 2100 quo)
246 2026 295 2081 sic
310 2026 379 2092 (nun
398 2030 472 2100 quse)
493 2029 555 2084 Pal.
576 2035 605 2083 et
621 2031 693 2094 Eri,
711 2029 855 2099 ediditque
869 2029 1011 2082 Gruterus
1032 2033 1140 2096 etpost

69 2118 127 2172 Dru.
144 2121 176 2172 de
193 2117 342 2173 codicibus
362 2125 466 2172 tacens.
507 2123 540 2173 Si
557 2139 616 2193 quse
635 2121 766 2176 Bromius
784 2123 835 2174 ”ex
853 2118 1022 2190 quibusdam
1041 2118 1140 2174 lilrris'‘

69 2207 129 2278 (ipse
145 2212 241 2266 nullos
257 2209 368 2266 codices
387 2211 517 2282 hebuit),
555 2213 659 2278 (isius,
686 2213 848 2288 spirensem
869 2219 897 2267 ct
915 2213 980 2266 llas.
998 2218 1082 2265 testes
1100 2211 1140 2264 ci-

70 2307 133 2368 tare,
158 2305 204 2356 sed
222 2304 252 2356 si
268 2321 342 2376 quo,
381 2305 456 2376 quod
478 2312 562 2360 auten
581 2305 719 2360 edebatur
738 2305 802 2370 (nid
822 2306 897 2375 quod
916 2303 1031 2375 quidam
1050 2303 1143 2359 sedai

70 2397 129 2462 pore)
145 2395 207 2450 011.
231 2413 345 2460 ornnes,
382 2399 525 2451 restored
552 2399 595 2463 εἰς
631 2399 686 2452 lroo
704 2399 790 2453 etiam
817 2397 919 2452 didani
946 2406 1047 2468 proter
1071 2399 1140 2459 Eri„

69 2485 146 2558 usp.
198 2491 246 2542 De
274 2487 437 2542 discrimine
465 2490 624 2544 formarum
650 2490 768 2546 illarum
793 2491 878 2561 plura
895 2490 956 2562 legi
983 2507 1068 2560 quum
1094 2507 1141 2544 res

70 2579 232 2644 amiotus,
269 2579 361 2649 nihii,
400 2583 475 2651 quod
501 2599 556 2636 non
583 2600 617 2636 ox
642 2601 698 2637 uuo
724 2585 854 2638 alternus
880 2585 942 2638 loco
961 2583 1022 2636 sine
1039 2598 1140 2638 canna

70 2670 196 2740 adreptum
216 2679 274 2726 aut
291 2673 319 2726 io
343 2689 376 2728 eo
395 2673 456 2743 ipso
475 2674 538 2729 loco
557 2682 606 2729 aut
624 2675 653 2729 in
673 2694 811 2748 prosumo
832 2693 849 2730 a
868 2675 1011 2731 codicibus
1033 2693 1140 2747 argus-

69 2771 149 2826 retur,
182 2782 258 2835 sepe
280 2762 365 2818 etiarn
386 2766 444 2818 talo
464 2771 552 2832 esset,
579 2775 611 2821 ut
629 2767 682 2821 ilia
702 2768 840 2822 celeriore
859 2775 910 2824 sut
924 2768 1055 2839 spissiore
1073 2785 1140 2838 pro-

69 2853 223 2911 nuntiatione
252 2855 412 2928 signilicsri
439 2858 521 2912 nulio
543 2861 626 2912 modo
646 2868 755 2929 posset,
788 2863 871 2916 uelut
888 2877 939 2926 cu,
976 2877 1142 2931 quenuper

68 2947 315 3021 sStuereoburgio
336 2952 371 3004 ad
390 2958 465 3004 orat.
482 2969 536 3022 pro
554 2953 639 3006 Ascli.
661 2953 693 3006 ll
713 2951 872 3024 excogitata
889 2959 964 3007 sunt.
1007 2959 1073 3023 Ipsa
1091 2967 1142 3005 ns·

70 3045 124 3091 turs
138 3041 311 3112 pronominis
329 3042 469 3096 indelinitl
497 3053 526 3098 et
551 3045 693 3100 breuioris
716 3045 829 3110 lorrne‚
866 3063 927 3116 qua
954 3041 1145 3098 coniunctioni

74 3131 183 3190 euclides
206 3135 391 3200 adlrsreliot,
427 3138 645 3191 commendabat
676 3137 841 3191 celeriorem
873 3133 1144 3208 pronuntiationem,

75 3241 144 3291 quan
160 3227 274 3283 infinito
293 3228 389 3297 plures
407 3233 558 3299 poe'tarunr
573 3227 629 3284 ioci
646 3231 770 3295 hahent,
797 3227 958 3283 Priscianus
981 3230 1081 3282 solam.
1112 3233 1143 3280 in

69 3329 113 3369 uso
123 3327 150 3372 et
165 3322 260 3374 altero
281 3321 343 3374 loco
367 3325 454 3390 potitor
477 3319 596 3376 licenter
612 3323 806 3392 produxerunt
822 3321 974 3390 syllabam.
1011 3321 1043 3373 ln
1055 3337 1144 3390 proso

69 3409 185 3466 stadonis
211 3411 327 3481 scriptis
344 3410 457 3466 librarii
488 3415 525 3468 sd
548 3430 611 3470 snm
629 3414 800 3469 ferebantur
819 3415 952 3478 lormasn,
972 3430 1032 3482 quo
1050 3411 1079 3466 io
1097 3429 1144 3466 ro-

71 3497 144 3556 lstino
169 3513 197 3560 et
221 3502 431 3574 interrogation
454 3507 516 3559 solu
544 3513 613 3561 erat.
671 3507 803 3563 Probabo
830 3506 919 3580 igitur
936 3524 1007 3580 qno,
1040 3521 1144 3575 ecquos

72 3598 185 3660 tptnnsns
203 3597 314 3651 codices
333 3595 360 3650 io
379 3593 500 3667 singulis
518 3599 597 3655 locis.
1082 3601 1095 3630 e

123 3688 226 3747 aelios.
267 3689 424 3757 Addidisti)
447 3693 516 3760 Quo
534 3692 623 3746 nostri
641 3691 815 3753 doteriores,
844 3691 942 3746 eadcrn
961 3690 1069 3743 addunt
1088 3687 1146 3741 1³2-

69 3773 145 3842 latisi,
164 3788 281 3852 excepto
300 3783 326 3848 l,
343 3781 490 3838 Dauiriani
509 3800 621 3850 omnes,
640 3785 719 3849 0¹1„
738 3782 839 3838 Gaiooi
856 3791 956 3856 preter
974 3782 1035 3836 Eri.
1056 3786 1084 3833 et
1095 3779 1145 3848 Sp.
1212 3776 1215 3782 ’

70 3868 163 3936 sim.
197 3873 304 3927 dlorcli
322 3877 409 3928 codes
428 3877 515 3947 plura
535 3876 704 3947 interposita
720 3877 863 3931 habebat:
883 3875 991 3930 illenim
1009 3873 1146 3945 quonism,

69 3959 127 4014 detr.
146 3966 172 4017 d.
192 3965 265 4020 loom.
285 3985 371 4035 sens„
390 3971 442 4022 rel.
461 3987 488 4023 a.
512 3976 563 4036 sal,
583 3987 639 4024 nec.
660 3977 711 4035 est,
732 3991 757 4043 q.
777 3989 804 4028 o.
821 3970 859 4024 od
875 3976 934 4023 not.
954 3984 982 4020 o.
995 3964 1147 4028 contrusit,

66 4061 147 4109 sert.
164 4059 183 4112 i.
203 4059 325 4114 iudicari
341 4067 369 4114 et
385 4063 562 4133 enpoteadons
581 4068 609 4116 et
626 4061 746 4118 dolorem
764 4065 854 4132 ipsum
867 4077 920 4131 per
938 4076 968 4113 sc
988 4073 1056 4111 esse.
1088 4057 1146 4110 Ad·

68 4145 160 4200 didisti.
193 4139 308 4208 Primus
327 4155 437 4211 deleuit
454 4173 510 4210 non
528 4155 559 4210 Ρ.
579 4157 709 4221 Morsus,
739 4157 785 4210 sed
808 4153 964 4208 Manutius.
1009 4151 1147 4206 Erratum

68 4245 96 4302 ¹¹,
111 4257 194 4310 suom
210 4245 246 4298 ad
257 4263 364 4306 nouam
377 4249 511 4322 paginam
527 4248 648 4320 exempli
667 4247 845 4315 transiretur,
864 4263 917 4300 noo
933 4247 1033 4316 postca
1043 4245 1149 4306 deletu,

70 4347 122 4398 ‘1¹¹2
138 4351 231 4403 praue
250 4341 355 4413 scripta
373 4351 462 4398 arent.
