2728 4878
262 293 305 354 ἃ)
615 285 676 350 ΒΕ
698 281 875 354 FlNlliUS
897 281 1001 352 BON.

266 483 404 572 quadam
428 481 606 566 percipitur
628 479 800 560 recubui,
842 481 901 564 aed
923 499 1117 546 maxumam
1137 477 1228 544 illam
1259 479 1330 544 uolu-

264 603 387 676 ptatem
420 585 597 664 habemur,
643 609 726 673 quae
748 589 926 674 percipitur
950 589 1040 652 omui
1061 585 1180 652 dolore
1204 587 1330 660 detractu

266 693 350 760 Nam
375 693 546 780 quoniam,
593 713 689 778 quom
715 697 883 779 priuamur
905 691 1037 772 dolore,
1067 695 1142 780 ipra
1163 690 1330 756 liberationi

267 815 299 866 et
324 803 489 866 uacuitatc
514 801 619 864 omnia
643 798 813 864 molestiae
839 799 1034 887 gaudemus,
1056 821 1155 864 omne
1181 793 1330 862 autemid

267 929 331 995 quo
351 907 549 994 gaudemus,
579 904 733 990 uoluptas
755 919 823 986 eat,
855 918 890 969 ut
916 928 1030 986 orune,
1064 927 1131 993 quo
1152 904 1330 968 offendimur

267 1014 381 1094 dolor,
402 1011 524 1078 doloris
549 1014 655 1076 uranie
677 1014 819 1095 priuatio
841 1025 929 1078 recte
952 1017 1121 1078 nominata
1144 1025 1176 1075 at
1197 1008 1330 1092 uoluptas

267 1120 312 1188 Ut
334 1123 433 1201 enim,
454 1141 551 1205 quom
575 1118 648 1183 cibo
672 1130 704 1182 et
726 1121 859 1204 potione
881 1120 987 1184 laurea
1008 1121 1149 1205 sitisque
1170 1114 1330 1202 depulsuri

268 1230 339 1314 ipse
370 1227 527 1291 detractio
552 1223 723 1288 molestiae
745 1228 1009 1290 coriaecutiouem
1038 1226 1147 1290 adfert
1172 1219 1329 1308 uoluptatis

268 1336 319 1398 sic
348 1335 380 1398 ia
414 1333 502 1396 omni
532 1352 567 1396 re
597 1330 720 1396 doloris
750 1333 872 1395 amotio
904 1331 1148 1396 successionem
1175 1325 1275 1394 ecficit
1294 1345 1331 1390 uu

268 1439 414 1524 luptatiu
469 1439 521 1500 ³8.
546 1435 661 1522 Itaque
684 1459 749 1502 nou
771 1437 893 1523 placuit
914 1437 1074 1524 Epicuro,
1123 1436 1264 1501 medium
1282 1423 1331 1493 cesi

193 1593 196 1600 .
270 1544 421 1631 quiddam
446 1544 532 1607 iuter
550 1543 696 1607 dolorem
718 1557 751 1607 et
775 1543 997 1627 uoluptatem
1018 1541 1103 1608 illud
1130 1543 1218 1607 enirn
1239 1541 1331 1622 ipsunt,

271 1651 355 1737 quod
393 1648 587 1736 quibusdam
629 1650 772 1715 medium
808 1652 995 1729 uideretur,
1043 1671 1143 1736 quom
1182 1645 1267 1712 omni
1297 1642 1331 1702 do

324 1813 388 1860 tuan
401 1815 458 1869 nol.)
473 1815 525 1860 uel.
540 1817 643 1861 utamli
691 1817 808 1874 quonlam.
821 1819 899 1874 quon)
913 1817 1017 1874 queruli
1057 1816 1149 1872 dolore)
1164 1814 1230 1859 aaut
1243 1801 1331 1854 dtltrtl

270 1903 338 1935 nuuc
352 1895 470 1937 auteur-
484 1893 621 1948 gauderem)
635 1893 712 1938 canc
747 1895 928 1948 antemurali
956 1895 1003 1948 ert)
1018 1893 1121 1938 crretss
1149 1890 1264 1936 aornim
1277 1887 1331 1934 quu

271 1967 367 2013 nocuo
407 1969 500 2024 amotio)
515 1970 587 2013 motio
602 1969 625 2014 li
666 1969 752 2024 reiicit)
766 1973 851 2027 effecit
866 1971 889 2016 li
955 1971 989 2017 18.
1010 1969 1130 2027 qucum)
1146 1967 1261 2024 quoddam
1273 1957 1331 2004 81⁴⁰*

271 2043 403 2100 uideretur)
417 2048 520 2092 uidetur
534 2059 622 2104 omnen,
636 2046 677 2092 οι.
705 2047 781 2103 quoru)
796 2059 839 2093 om
854 2046 895 2092 0r.

341 2189 372 2236 ut
390 2187 477 2251 omae)
497 2184 571 2240 Uict.
591 2185 633 2238 od.
652 2190 680 2239 et
699 2183 846 2238 Erncrtiur
865 2190 895 2236 ut
908 2199 985 2240 oniae
1004 2185 1050 2251 id,
1069 2191 1171 2240 contra
1185 2179 1300 2238 catice,
1315 2183 1331 2221 Ψ

272 2274 406 2341 uidetur,
424 2274 514 2330 omnir
531 2277 594 2343 (El.
612 2284 708 2332 ettrca
726 2277 799 2332 ullor
817 2277 903 2341 unu„
918 2278 987 2332 01¹.
1010 2295 1116 2344 omnen,
1138 2271 1214 2342 (tsi).

341 2369 457 2422 medium
478 2369 623 2440 quiddam)
642 2370 779 2440 quoddam
797 2369 883 2423 etiam
903 2367 996 2440 Spin,
1016 2371 1084 2425 011.
1102 2371 1163 2436 Βξ,
1200 2357 1331 2430 recepiitffl

274 2458 378 2526 Gaius,
415 2460 540 2530 alioquin
560 2459 634 2514 euim
656 2463 800 2533 quicquum
818 2461 885 2532 poni
911 2461 1050 2518 debuicre.
1101 2463 1147 2516 Ex
1172 2461 1225 2514 hec
1249 2449 1332 2524 quiden

275 2556 356 2618 perte
374 2552 472 2604 eadem
492 2552 566 2605 ratio
585 2557 611 2606 rt
627 2552 800 2607 cubitantiui
817 2554 991 2624 pronominia
1010 2552 1202 2616 ctadicctiuii
1219 2547 1332 2606 redutlli

274 2641 313 2708 ttq
331 2641 452 2712 pertinet
470 2646 504 2697 ad
525 2642 670 2698 delinitam
688 2644 831 2700 notionem
859 2645 930 2702 certi
956 2647 1103 2702 cuiucdem
1121 2642 1226 2708 modii3
1259 2627 1332 2712 deiudl

275 2749 329 2786 non
348 2733 420 2786 colet
437 2734 536 2792 Cicero
553 2735 718 2796 huiuamodi
736 2738 902 2806 adiectiuir,
928 2741 1015 2810 quale
1032 2746 1059 2794 at
1075 2739 1209 2800 taedium,
1244 2718 1332 2784 adiecti

275 2839 342 2879 uum
355 2843 511 2898 pronomen
529 2830 642 2883 addere.
679 2831 738 2886 cir.
758 2833 791 2886 ed
810 2831 854 2886 18.

345 2919 416 2972 illud
436 2921 505 2974 euim
523 2922 612 2990 iprum
630 2923 696 2987 dre.)
718 2924 847 2978 Primum
866 2923 1020 2978 tenendum
1038 2929 1073 2987 rt,
1093 2937 1148 2976 nou
1168 2930 1245 2992 porro
1260 2895 1332 2960 diuelli

275 3013 327 3064 lrttr
342 3027 441 3066 uoueri
479 3014 550 3067 illud
568 3017 637 3068 euim
654 3017 761 3085 iprum,
788 3017 860 3089 quod
889 3022 917 3071 ci
936 3015 1003 3071 illut
1031 3015 1104 3088 quod
1130 3043 1166 3056 -
1184 3009 1285 3064 uidetur
1300 2993 1332 3058 (til

275 3101 349 3158 eninr
376 3112 403 3158 rt
428 3104 458 3158 in
476 3107 556 3162 codd.
586 3113 614 3161 oi
631 3110 693 3162 cdd.
712 3109 858 3177 omuibur)
880 3127 896 3163 c
921 3107 1063 3178 Torquati
1087 3120 1208 3178 perrona
1234 3112 1279 3169 ΡΝ
1299 3101 1332 3158 pu<

276 3197 402 3251 ruotheri
417 3195 576 3268 interponi,
614 3202 690 3270 quod
709 3204 849 3256 suadebat
866 3202 1045 3266 matthiam,
1080 3207 1113 3253 ut
1132 3197 1231 3252 deinde
1249 3177 1332 3254 adpeti*

276 3286 354 3340 ticnc
373 3289 594 3362 adiungeretur:
633 3294 706 3346 oraui
722 3296 817 3348 dolore
835 3312 945 3361 curere,
981 3299 1155 3365 recuturquc
1176 3296 1202 3346 ri
1227 3281 1303 3338 ‘3¹5⁰‘
1318 3271 1332 3320 'l

276 3378 334 3432 alia
352 3381 502 3450 roriptura.
536 3387 574 3438 Et
594 3403 661 3440 rone
678 3387 738 3440 lroeo
757 3395 799 3442 ort
820 3387 979 3441 neucesaria
1001 3403 1065 3457 pura
1083 3383 1202 3457 Epicuri
1219 3363 1332 3433 oratiooi'

277 3487 334 3539 qua
353 3472 528 3540 declarabat,
548 3476 614 3544 quid
635 3478 669 3530 dc
688 3497 721 3532 eo
736 3477 893 3545 iudicaret,
919 3479 994 3551 quod
1013 3478 1064 3532 alii
1078 3473 1206 3532 medium
1223 3461 1332 3542 potaret¹¹

276 3561 333 3615 Sed
351 3568 412 3616 tutu
430 3582 485 3618 uon
503 3567 596 3622 minue
618 3571 775 3626 nocerecrio
793 3569 974 3626 roribcndum
993 3578 1056 3626 erat
1074 3572 1224 3628 uideretur,
1242 3573 1294 3632 ΨΜ
1310 3551 1332 3600 ¹⁰

278 3653 403 3710 nircumn
425 3657 544 3712 mutatio
565 3659 622 3714 ium
639 3643 746 3717 linthio
765 3663 795 3716 in
813 3671 936 3718 urentem
958 3669 1085 3718 uenerat.
1115 3665 1193 3718 Τιιιιι
1211 3653 1329 3712 ,debatur

278 3766 357 3820 quom
376 3749 450 3801 oraui
466 3751 561 3805 dolore
581 3760 672 3820 caret,
690 3755 793 3811 uitione
815 3762 843 3811 ct
860 3765 961 3811 eontra
978 3755 1108 3820 eodiccr,
1126 3756 1175 3826 qui
1193 3747 1291 3808 haberi
1306 3749 1332 3786 Ν

277 3849 359 3908 reret,
378 3841 488 3907 (Melici
507 3846 568 3912 itu,
586 3848 648 3900 cod.
666 3849 750 3912 Uict,
770 3850 844 3903 Pali.
860 3866 966 3912 umnec,
984 3827 1332 3914 Pertr.uer,tted·‚1¹³¹¹·

277 3937 347 3990 011.
366 3937 440 4006 Uzqu,
459 3934 512 3990 (lei
531 3945 685 4008 quiritum
706 3942 829 3995 alterurn
849 3941 1036 3996 adnotaturc
1058 3941 1089 3998 (l.
1108 3941 1138 3995 G.
1162 3942 1193 3994 G.
1211 3942 1237 3990 et
1254 3924 1332 3983 attens

276 4033 420 4100 utroque).
474 4029 530 4085 Soti
550 4031 702 4102 queritur,
738 4035 881 4106 quoduam
906 4033 942 4088 rit
969 4031 1140 4088 coniectum.
1181 4019 1332 4089 (ἳιὶι111)“ω

278 4135 337 4173 orec
355 4123 544 4191 uoluptatem,
580 4129 726 4197 tamquam
754 4125 816 4197 quir
839 4127 869 4181 ia
898 4127 1047 4198 uoluptate
1070 4125 1197 4181 medium
1223 4113 1332 4176 illudi⁰

277 4211 367 4265 ruerit
384 4214 458 4268 iuter
478 4219 656 4288 uoluptatem
675 4225 703 4273 et
720 4219 849 4274 dolorem
864 4223 892 4272 et
908 4223 1056 4290 tamquam
1074 4219 1199 4290 Epicuro
1216 4203 1332 4269 picenum

278 4300 385 4369 simiis
416 4309 595 4380 uoluptatem
613 4329 674 4368 erre
692 4314 882 4382 uoluptatem.
936 4313 1015 4384 Ergo
1033 4329 1118 4383 quom
1136 4311 1166 4366 iu
1184 4297 1278 4366 lduroli
1293 4283 1332 4343 ⁰⁰⁸
