2754 4892
307 265 366 333 ΕΤ
389 265 499 334 Mau.
522 268 605 335 Llll.
628 272 660 336 V
683 270 778 338 CAP.
800 277 852 338 28.
1062 285 1125 351 733

17 483 106 541 ras,
143 461 397 547 cognationibus
421 467 583 549 primum,
623 481 690 531 turn
715 467 958 553 adfinitatibus,
1005 475 1122 542 deinde

17 570 198 645 amicitiis,
222 581 295 654 post
320 569 563 650 uicinitatibas‚
585 585 653 636 turn
675 573 803 640 ciuibus
825 587 857 640 et
880 577 939 655 iis,
985 581 1039 666 qui
1065 603 1122 670 pu-

19 675 114 738 blica
138 676 222 738 socii
238 687 335 760 atque
358 677 454 740 arnici
478 690 566 756 aaut,
590 679 707 743 deinde
725 681 826 744 totius
851 682 1016 769 conplexu
1041 709 1122 773 geu·

17 783 68 844 tiu
93 781 282 851 bamunaer
318 803 401 867 quac
425 783 527 846 animi
551 783 691 848 adfectio
713 807 808 850 suurn
834 790 949 874 cuique
972 789 1121 856 tribuens

20 899 127 971 atque
151 887 264 966 bauo,
297 907 392 972 quant
418 887 511 966 dico,
533 891 723 956 societatem
748 895 985 958 coniunctionis
1008 895 1121 963 buma-

22 1013 91 1054 nae
118 991 273 1058 munifice
297 1006 329 1057 et
359 1015 464 1079 aeque
496 1006 591 1058 tuens
623 997 750 1060 iustitia
782 999 920 1077 dicitur,
968 1004 1020 1065 cui
1044 1017 1120 1068 sunt

23 1099 205 1161 adiunctae
228 1100 343 1184 pietas,
367 1097 509 1178 bonitas,
532 1098 729 1182 liberalitas,
750 1102 949 1191 benignitas,
971 1111 1119 1188 comitas,

22 1225 180 1288 quaeque
202 1216 278 1267 sunt
299 1207 431 1290 generis
454 1206 611 1270 eiusdem.
658 1206 767 1295 Atque
794 1209 875 1276 baec
901 1213 948 1276 ita
970 1215 1116 1280 iustitiae

24 1310 162 1392 propria
199 1321 293 1388 sont,
338 1323 375 1374 ut
405 1313 473 1374 sint
502 1314 658 1378 uirtutum
698 1314 894 1380 reliquarum
923 1323 1119 1386 carantonia.

22 1415 80 1474 ao.
105 1411 190 1477 Nara
220 1435 317 1500 qoorn
341 1419 389 1480 sic
418 1415 559 1482 hominia
583 1431 699 1484 natura
715 1435 872 1506 generata
895 1425 958 1502 sit,
1002 1437 1037 1487 ut
1060 1425 1118 1491 ha-

27 1517 105 1582 beat
142 1521 294 1604 quiddam
329 1524 510 1608 ingenitum
551 1528 643 1611 quasi
685 1524 783 1590 eiaile
818 1539 916 1613 atque
944 1530 1114 1618 populare,

81 1717 130 1756 taur
144 1711 228 1768 albu.)
242 1713 316 1769 taff-P
343 1713 437 1769 deiude)
451 1719 542 1764 deinde
558 1732 613 1763 eura
628 1720 666 1766 ll-
687 1717 856 1772 uicinitatibuu)
869 1721 896 1762 tu
913 1720 1060 1766 edultutliue
1074 1723 1114 1768 1²0

24 1791 85 1842 rau)
101 1803 157 1832 eam
173 1789 216 1834 GR
256 1789 295 1844 lia)
310 1789 383 1837 birli
419 1791 519 1848 buultu)
533 1795 613 1840 omli
667 1797 701 1842 tt.
717 1795 956 1848 assumentium
997 1796 1114 1851 quiddam)

23 1867 145 1922 quoddam
159 1865 203 1910 aa
229 1865 367 1921 lugeultom)
387 1867 499 1914 innatum
513 1870 640 1915 arctior.
705 1907 724 1939 s

93 2055 193 2108 deiude
211 2057 296 2110 totius
322 2057 457 2126 conplexu
479 2057 548 2126 dra.)
584 2033 735 2129 bipertiri
760 2063 871 2128 putarat
891 2059 1020 2134 deniquo,
1057 2079 1113 2116 uou
1181 2073 1194 2098 s
1215 2020 1225 2087 ι’
1257 2073 1281 2103 ’-

22 2165 79 2216 quo
99 2165 153 2202 nau
173 2149 243 2202 alibi
262 2165 372 2219 quoque
394 2149 493 2204 Cicero
513 2149 648 2219 postremi
667 2149 788 2203 membri
814 2159 909 2204 uotam
935 2152 1048 2206 omittat
1068 2155 1114 2220 (ut

22 2258 74 2306 pra
95 2241 178 2294 aare.
197 2241 259 2294 bru.
276 2241 363 2311 18⁰),
394 2245 442 2296 red
460 2243 533 2312 quod
553 2242 601 2294 bic
618 2260 668 2313 per
687 2253 781 2298 cetera
802 2243 928 2296 merubra
947 2245 981 2296 ad
1002 2251 1113 2312 postre-

24 2349 120 2396 mum,
139 2333 211 2400 qaod
229 2349 289 2386 rem
311 2333 453 2399 continet,
483 2333 659 2404 peruenitur.
697 2335 809 2388 Gentem
827 2327 1042 2406 bomoaampro
1061 2353 1112 2406 ge·

24 2441 92 2476 aere
113 2441 204 2493 noque
222 2424 322 2480 cicero
350 2425 419 2480 alibi
449 2425 520 2478 dixit
546 2426 605 2488 (aed
631 2425 717 2496 longe
745 2426 829 2480 alitor
849 2425 960 2496 gonterii
985 2427 1111 2496 aliquam

24 2517 170 2570 benenom
188 2524 271 2592 utque
286 2518 394 2570 doctam
413 2518 448 2571 tle
469 2516 564 2572 Diuin.
586 2519 613 2582 l,
632 2517 679 2584 2),
706 2536 815 2589 neque,
834 2520 908 2589 quud
924 2518 1030 2584 sclam,
1049 2519 1110 2573 alii.

23 2612 122 2677 ltaque
139 2608 215 2662 huuc
235 2610 329 2663 locoru
347 2609 374 2664 ia
402 2609 499 2664 lexicis
525 2609 740 2681 praetermissam
772 2611 869 2665 miror.
928 2611 1041 2665 Gentem
1060 2630 1111 2682 pra

22 2716 125 2768 genere
144 2700 179 2753 tle
196 2717 249 2764 co,
280 2701 326 2769 qni
345 2700 476 2756 alicunde
494 2720 583 2773 genua
601 2703 734 2767 duceret,
754 2701 908 2773 Uirgilium
927 2703 1027 2758 diuisae
1046 2707 1110 2761 AEn.

25 2792 62 2854 X,
81 2791 148 2856 228,
167 2795 266 2848 nolum
283 2799 319 2856 at,
334 2794 382 2846 sed
401 2792 469 2848 dixit
485 2796 612 2864 exemplo
630 2793 746 2856 Catulli,
767 2812 851 2864 quem
869 2811 956 2850 uarro.
975 2797 1010 2850 at
1029 2817 1055 2850 u.
1075 2797 1111 2852 28

24 2893 50 2936 et
66 2883 102 2936 zt
119 2883 159 2938 sic
175 2882 335 2954 scripsisse:
373 2885 477 2939 Herae'e
497 2887 619 2952 calueto,
647 2887 725 2940 darm
742 2889 833 2956 gear!
871 2905 887 2938 o
905 2887 976 2940 bona
993 2895 1110 2940 matrum

27 2975 184 3044 Progenies,
204 2978 310 3030 eolrtete
328 2979 445 3031 iterum!
467 2979 521 3030 Uar
540 2979 709 3047 conpellobo,
731 2977 860 3049 intellegi
883 2986 975 3048 potest
993 2995 1008 3030 o
1026 2980 1109 3032 rolin·

24 3067 66 3120 liie
86 3070 120 3122 ad
139 3067 302 3138 Uirgilio.
322 3073 361 3135 V,
387 3069 432 3126 8⁰.
483 3071 544 3126 ll'oa
565 3072 657 3125 tainus
683 3069 816 3126 inusitate
836 3070 953 3134 Cicero,
992 3078 1109 3140 propter

23 3161 147 3226 memiylce
171 3160 266 3214 simile
291 3161 460 3216 aducrbiunu
489 3163 635 3234 requirens
664 3181 754 3232 aeque
780 3163 808 3214 in
834 3162 888 3214 lrac
913 3159 1108 3214 coniunctione

25 3251 238 3324 ambiguitatem
257 3251 368 3320 timeor,
383 3271 458 3329 aque
473 3271 556 3310 utreoe
575 3261 617 3310 est
637 3254 739 3318 dicero,
757 3253 830 3322 quud
850 3251 935 3304 aliter
954 3268 1107 3321 numquam

25 3347 144 3410 leviaret,
164 3362 215 3414 pro
235 3361 285 3408 eo,
303 3346 377 3414 quud
399 3352 442 3400 eet
460 3365 520 3400 cam
540 3349 682 3416 equitate,
702 3361 784 3414 quoru
805 3361 883 3398 treuna
904 3343 1108 3416 lexicographi,

25 3439 75 3490 bor
95 3439 156 3491 loca
174 3437 316 3508 neglecto,
336 3453 350 3489 e
368 3436 484 3492 Sidonia
503 3437 663 3509 Apollinari
681 3439 834 3502 adnotent,
853 3436 1010 3491 Facundiae
1027 3457 1108 3508 pror-

25 3547 67 3582 uas
86 3527 201 3582 omittit.
236 3529 321 3582 Addit
338 3529 515 3584 Forcelliaua
534 3532 627 3584 Plaut.
650 3531 711 3585 llil.
734 3531 814 3583 Glor.
832 3530 872 3593 V,
905 3528 957 3582 22:
977 3531 1107 3598 (empulo)

26 3623 70 3674 scd
89 3623 154 3674 milti
171 3621 200 3674 iel
218 3637 293 3695 oeque
309 3624 419 3687 saetam
434 3629 514 3692 puto,
532 3629 560 3674 et
579 3622 672 3676 editur
689 3622 730 3676 ita
753 3621 840 3674 etium
860 3637 877 3674 a
894 3621 1107 3683 Lindemnnoof

26 3715 69 3766 sed
90 3714 398 3770 roduurretuatirruraua
418 3721 492 3770 reete
510 3715 651 3768 babebat:
671 3714 867 3782 (caparam),
885 3714 995 3785 iureque
1013 3711 1042 3764 id
1054 3713 1106 3776 su·

26 3815 94 3860 rtosr
110 3807 238 3860 arbitror.
272 3806 375 3860 Paullo
396 3810 474 3877 poti,
492 3806 542 3860 ubi
562 3806 675 3858 comitae
692 3806 843 3871 scribitur,
861 3803 917 3868 Et,
937 3805 1012 3856 blaa.
1034 3819 1105 3854 corn-

27 3899 150 3960 munitur,
170 3900 205 3952 do
222 3914 278 3968 quo
297 3899 399 3952 ruendo
417 3899 475 3952 diri
495 3899 529 3952 ad
553 3899 589 3958 ll,
608 3896 652 3950 8⁰.

90 3991 133 4044 aa.
153 3991 333 4060 tingendam)
355 3988 401 4046 Sia
419 3991 505 4064 Spin,
526 3990 596 4054 Eub,
616 4007 681 4061 rugo
703 3989 778 4041 Crat.
797 3986 887 4053 (llus,
908 3987 930 4041 si
944 3981 1014 4036 Gaio
1030 3981 1106 4034 aredi

31 4091 131 4148 pateat,
150 4083 341 4152 iageaatam);
368 4083 522 4138 uictoriaror
541 4082 650 4134 codices
668 4076 890 4138 substituerunt,
910 4074 1046 4129 editiones
1064 4079 1106 4127 te-

31 4183 144 4228 nuerunt
168 4175 317 4245 uolgariaa
342 4177 474 4232 r'nuotam.
527 4171 710 4258 Partiriqiam
739 4171 810 4224 illud
837 4163 911 4238 ripun
940 4167 1105 4220 Ciceronem

31 4265 92 4320 alibi
110 4285 164 4322 non
184 4267 307 4338 legitur,
326 4269 485 4338 perlectam
505 4265 729 4337 (ingeniatum.
766 4263 907 4316 Preteror
926 4259 1011 4314 etiam
1029 4259 1105 4329 Spir.
