2788 4886
310 305 430 376 XVlll
729 297 985 371 PRAEFA'llO.

309 495 532 570 auctoritatis,
580 509 677 578 qnorn
705 491 900 576 .praeeertlra
931 495 1190 556 consentientem
1226 511 1307 554 cunr

310 613 467 666 contextu
509 597 644 663 cilentio
675 596 816 662 fortunae
858 619 923 662 acu
956 600 1062 685 magia
1092 595 1160 662 lldo
1192 609 1322 660 notare

309 727 451 795 ponanrn.
495 705 609 793 ltaque
632 703 749 794 melior
770 705 933 770 interdum
950 703 1004 768 laic
1026 704 1130 770 codex
1154 704 1296 768 uidetur
1316 726 1322 763 t

310 833 384 878 cnse
408 813 524 889 credo,-
549 825 586 876 ut
608 809 677 890 111,
698 815 741 875 80
762 831 826 876 aon
849 833 928 876 eane
952 809 1067 876 babuit
1089 810 1308 875 cuicuimodi.

311 920 423 985 raultie
449 917 580 984 iadlciin
605 921 789 1005 auspicatae
809 939 900 998 sunt,
925 917 1011 982 hunc
1034 919 1174 982 orandenr
1196 935 1289 994 cette,
1313 935 1322 978 ι

310 1026 493 1094 Wnllrerua
517 1039 551 1092 et
571 1021 730 1091 Danielus
750 1024 969 1091 Paritieneetn
987 1029 1006 1088 1
1029 1024 1240 1111 appellarunt
1272 1021 1322 1105 (l,

309 1135 431 1199 netad
451 1141 613 1212 noturnn,
636 1136 675 1196 dl
701 1133 740 1196 id
761 1141 821 1212 esi,
842 1137 1106 1216 intemperantes,
1130 1130 1247 1210 11‚ttl
1271 1133 1322 1191 nis

311 1245 375 1306 lod
394 1261 522 1325 prena,
555 1248 593 1304 nt
613 1239 736 1319 aialon
757 1238 827 1320 lll,
849 1243 871 1303 d
894 1259 964 1303 esse
984 1244 1017 1302 si
1037 1239 1190 1316 diceris,
1234 1240 1280 1298 41
1305 1253 1322 1298 n

309 1365 372 1414 nort
395 1347 483 1434 qnod
501 1351 717 1411 testinatione
737 1351 887 1424 asinino,
929 1345 973 1408 dd
1012 1344 1098 1408 bona
1119 1363 1219 1422 nere,
1250 1345 1297 1405 oe

310 1457 382 1518 niae
398 1473 598 1539 procreare,
640 1457 683 1518 78
705 1461 739 1518 et
764 1450 1060 1538 proficiscendum),
1131 1449 1196 1515 Sed
1231 1451 1262 1512 ni
1293 1447 1322 1512 it

310 1559 547 1625 incredibiliter
568 1557 728 1624 Danisiue
750 1561 929 1646 scripturae
955 1554 1179 1644 perturbabit,
1200 1575 1206 1582 ·
1228 1577 1322 1640 nequ

311 1685 384 1730 rnen
407 1668 512 1752 magis
533 1685 630 1752 qnam
651 1669 686 1730 in
709 1665 918 1741 Elieaeibue3
941 1683 1015 1728 aaut
1039 1662 1213 1750 permultis
1235 1661 1322 1726 locis

310 1793 328 1836 e
353 1770 427 1837 Par.
453 1776 469 1836 1
494 1773 587 1858 ponit
610 1786 708 1860 atque
731 1793 783 1852 ea,
806 1793 877 1857 qnae
899 1771 981 1837 mihi
1003 1789 1048 1836 ex
1069 1793 1110 1835 eo
1133 1771 1310 1856 perspicue

310 1891 377 1944 tata
399 1892 486 1943 errat.

399 1983 555 2051 Ccdlecrn
593 1983 808 2066 Leidensem,
856 1987 912 2071 qui
953 1987 1039 2049 inter
1075 1983 1260 2050 Ueseianoe
1291 1981 1322 2044 t'c

308 2111 472 2156 maxumae
494 2106 628 2178 quartae
650 2095 806 2158 decurnue
829 2105 897 2169 eet,
936 2089 976 2157 U.
1001 2089 1052 2156 Cl.
1075 2090 1174 2156 lanne
1198 2086 1322 2152 Bakiun

309 2198 506 2286 discipulum
532 2199 676 2285 aliquem
699 2221 795 2264 ιιιιιιιιι
824 2220 897 2262 curu
930 2194 1088 2283 exemplo
1119 2194 1295 2262 Onelliano

309 2307 512 2390 gentiacume
544 2305 775 2370 conferendum
801 2305 929 2368 curauit
953 2317 1182 2389 caelatamque
1205 2303 1322 2365 trarietr

311 2409 390 2472 mihi
413 2408 659 2496 perhumaniter
682 2412 769 2476 dono
792 2409 898 2488 raleii,
921 2410 1109 2497 addiditque
1131 2413 1167 2474 in
1190 2408 1322 2485 litteris,

309 2513 426 2594 dicem,
450 2518 506 2601 qui
530 2514 625 2601 plura
652 2515 811 2582 Tralliaae
829 2519 985 2593 continet,
1009 2535 1083 2580 esce
1105 2515 1322 2581 membraneo«

310 2621 412 2684 nitide
444 2624 602 2707 scriptum
635 2601 767 2702 necdlo,
809 2635 846 2688 ut
878 2623 943 2687 eibi
964 2624 1150 2700 uideretur,
1193 2622 1293 2687 Xlffl.

308 2729 421 2812 prirnoe
444 2731 571 2814 paginae
595 2733 777 2815 inrepente
802 2733 959 2816 scriptum
981 2742 1067 2794 eret:
1097 2729 1171 2793 ”Ex
1195 2725 1322 2793 bibliot!

310 2832 357 2898 lo.
381 2833 515 2899 lluralti
540 2835 754 2901 llcisrallerii.
790 2837 865 2901 Erui
886 2858 907 2901 a
929 2834 1071 2900 Cantillo
1096 2835 1215 2901 Crncio
1235 2839 1257 2899 4
1280 2835 1322 2900 Cu

309 2938 501 3022 (llrrraltiao
525 2943 637 3008 codice
661 2963 742 3008 narra
765 2957 816 3010 est
834 2942 1038 3022 Lambinus,
1058 2941 1213 3022 nadalia,
1236 2946 1322 3030 siqui

309 3048 337 3110 ie
361 3045 405 3126 V,
426 3049 470 3112 α)
492 3047 608 3116 babuit
630 3052 722 3118 docti
741 3061 774 3116 et
795 3049 946 3134 indocti.)
989 3049 1040 3116 Dc
1062 3063 1158 3114 aetate
1182 3053 1241 3114 uix
1263 3073 1320 3135 pas

310 3156 463 3235 credere,
495 3160 648 3242 quoniam
671 3158 883 3245 interpolatio
906 3157 1087 3234 eiusmodi,
1124 3155 1252 3242 qualem
1275 3158 1307 3219 ia

309 3260 422 3324 codice
446 3283 520 3326 esse
545 3263 659 3349 paullo
682 3279 757 3352 post
786 3263 910 3344 dicant,
953 3265 986 3328 in
1006 3262 1090 3328 illud
1112 3275 1238 3349 tempus
1256 3283 1318 3325 non

310 3365 404 3430 detur
432 3367 560 3431 cadere.
628 3369 760 3452 (Codex
795 3370 823 3436 l.
853 3371 907 3436 Fr·
939 3369 1108 3447 Graecei,
1149 3389 1242 3454 quent
1265 3391 1322 3431 ec

309 3470 387 3557 logo
410 3473 498 3538 edito
520 3495 730 3561 sperauerant
764 3478 851 3544 bunc
882 3495 975 3557 enee,
1022 3475 1178 3562 Lugduni
1199 3473 1322 3540 Bataucl

309 3599 373 3642 noa
396 3576 473 3666 est.)

400 3683 532 3752 Codicis
553 3687 768 3754 Monacensis
805 3711 911 3776 aeque
949 3709 1121 3753 numerum
1154 3688 1258 3754 dicere
1284 3710 1322 3752 nc

309 3792 483 3879 quicquam
504 3793 545 3858 tle
568 3817 609 3859 eo
634 3797 753 3861 addere
775 3815 940 3882 possum,
978 3795 1065 3878 qnod
1093 3816 1157 3858 non
1188 3796 1322 3878 ereripo

309 3911 430 3980 pateat,
450 3914 583 3988 propter
604 3899 792 3968 huiusmodi
815 3919 974 3966 caussam.
1022 3897 1130 3980 Qnonr
1156 3924 1198 3966 ex
1221 3899 1259 3967 U.
1274 3897 1320 3964 Cl.

309 4003 507 4076 Tbicreobio
530 4031 587 4093 per
620 4007 746 4074 litterae
779 4008 968 4096 quaesissem
1000 4019 1033 4074 et
1062 4009 1103 4072 de
1139 4009 1245 4074 codice
1274 4005 1322 4072 ,tta

306 4115 397 4176 censi
417 4134 450 4179 n.
470 4117 546 4195 828,
566 4137 584 4180 e
606 4136 671 4201 qao
693 4113 896 4180 Goercnsiua
918 4137 1040 4201 paucae
1059 4117 1232 4202 scripturas
1253 4137 1272 4178 a
1290 4115 1322 4178 ll

304 4215 377 4282 lero
398 4233 576 4306 excerptae
597 4233 773 4308 potuerat,
794 4233 830 4286 et
852 4221 892 4286 de
917 4223 979 4302 its,
1024 4241 1097 4309 quae
1116 4218 1267 4308 opinabar
1287 4221 1322 4282 eti

304 4322 345 4388 ad
367 4323 426 4389 boe
451 4323 556 4392 librca
579 4350 600 4392 ιι
623 4327 660 4392 Ρ.
685 4326 834 4394 Uictoria
857 4326 936 4392 olira
968 4326 1119 4394 conlecta
1148 4325 1292 4392 lllnaecbi
1315 4346 1322 4388 ι
