2788 4886
487 305 742 374 PRAEFATIO.
1079 308 1169 376 XXI

79 504 180 566 minus
204 513 325 587 epertae
348 500 444 582 ulie,
490 515 526 564 nt
549 500 609 566 lii».
633 501 667 582 1,
712 505 755 566 1⁰
779 502 892 585 (rutis)
917 513 950 567 et
970 505 1016 568 50
1040 504 1108 588 (ric
1127 505 1169 548 *⁴*

80 607 184 690 emes)
216 620 250 671 et
282 605 338 686 tl,
382 610 423 672 21
448 607 554 692 (nitu
572 607 762 674 dederemus
784 618 835 690 ²³,
878 611 1010 696 wem),
1049 611 1166 674 deinde

79 715 231 778 eiumnodi
252 715 374 778 mendn
399 713 560 800 permulto
584 738 644 802 per
668 717 777 781 omnis
810 716 938 781 codices
974 730 1166 802 peruagata,

79 841 145 906 que
166 841 244 886 cese
264 821 301 884 in
323 819 478 886 omnibns
506 835 578 886 orte
609 843 683 886 esso
712 845 778 887 non
803 835 960 909 possunt,
1006 835 1043 886 ut
1074 825 1164 906 (num
1245 861 1249 872 .

80 950 172 1014 peuce
194 925 354 1012 exempla
377 926 502 1014 eligere
525 931 606 992 eutis
625 937 694 1006 est)
714 927 745 1007 l,
768 932 810 994 84
831 935 1037 1015 συντ-11111111,
1060 928 1105 1009 11,
1121 932 1164 992 21

81 1039 249 1098 inerrato
280 1045 313 1098 et
342 1039 379 1096 in
408 1055 469 1119 quo
501 1040 635 1119 cognitu
668 1047 702 1098 et
729 1035 782 1116 11,
828 1037 872 1100 82
900 1041 1006 1101 animi
1032 1044 1162 1112 statum,

82 1161 294 1225 maxumeque
314 1139 400 1204 iilud
421 1154 554 1228 propter
575 1144 794 1226 exiguitatem
819 1142 985 1225 notebiie,
1008 1144 1095 1230 quod
1118 1141 1162 1218 lt,

80 1249 117 1309 et
134 1250 166 1311 in
187 1245 341 1310 omnibus
363 1251 484 1312 nostris
508 1247 680 1313 codicibus
698 1248 841 1337 legitur,
877 1252 1000 1315 emisse
1023 1246 1162 1314 lineola:

83 1351 209 1418 tutetur
229 1361 343 1417 tomen
362 1358 512 1432 ratione,
560 1367 629 1419 tnnr
662 1377 735 1442 qum
758 1354 848 1420 Noui
871 1359 1068 1421 auctoritate
1092 1377 1161 1419 eor·

82 1475 158 1525 recte
176 1473 275 1540 sont,
312 1458 496 1542 1128111
520 1459 621 1524 dubia
640 1482 702 1547 pro
725 1459 895 1540 subducto,
918 1462 964 1542 V,
981 1463 1024 1526 42
1046 1481 1162 1546 oropus

82 1588 130 1652 pro
149 1587 270 1652 seper,
302 1566 357 1646 V,
379 1567 423 1631 58
441 1572 614 1630 tenentur·
628 1589 687 1655 pro
709 1567 922 1651 meritum)
989 1568 1160 1634 Postremo

82 1672 180 1738 eadere
197 1693 330 1761 qnoque
354 1675 637 1759 interpretantium
664 1675 885 1740 additamenta
906 1676 1013 1738 omnis
1030 1685 1160 1738 nostros

81 1781 193 1844 codices
218 1779 392 1858 obsident,
415 1778 508 1844 ueint
531 1779 585 1859 V,
606 1782 649 1843 dd
670 1779 832 1846 Lucretia
856 1793 888 1845 et
911 1780 993 1848 iliud
1015 1781 1158 1867 plurium

80 1886 240 1952 uerierorn
266 1907 331 1949 non
355 1887 463 1950 urinus
490 1885 711 1968 rurmiiestum,
753 1889 841 1974 quod
872 1887 960 1964 eV,
983 1889 1024 1950 21
1048 1883 1159 1952 suble-

78 2007 135 2058 tum
155 1993 242 2076 αι’)
289 1991 405 2078 ltaque
436 1992 499 2058 hoo
520 1993 661 2074 primum
682 1993 837 2078 adparet,
882 2015 1011 2058 omnem
1034 2005 1160 2056 nostro-

77 2123 137 2166 rnm
157 2099 305 2164 codicum
327 2101 642 2186 peruestigeti'onem
666 2119 706 2163 eo
724 2099 853 2178 referri,
875 2112 913 2162 nt
932 2101 1067 2177 scietur,
1082 2098 1159 2183 quid

77 2210 104 2272 in
124 2207 180 2273 iiio
195 2205 316 2288 ,codice
337 2203 514 2290 archetypo
537 2206 638 2269 fuerit
660 2206 722 2289 (sic
737 2206 823 2268 enim
845 2202 1017 2269 breuitatis
1041 2223 1157 2268 enuere

78 2311 296 2401 appellemus),
321 2331 382 2374 nee
404 2331 502 2396 posse
521 2311 653 2399 longius
673 2311 838 2396 progredi.
889 2309 928 2374 ld
950 2313 1056 2390 enim,
1078 2333 1157 2396 quo·

76 2423 151 2484 niem
172 2422 245 2506 ipse
268 2439 335 2482 non
364 2430 533 2504 superest,
579 2421 734 2505 queritur
765 2438 878 2482 eorum
909 2419 1153 2502 conparatione,

74 2530 121 2614 qui
140 2548 184 2591 ex
207 2546 248 2589 ec
270 2523 413 2607 deriunti
435 2524 475 2588 ed
506 2545 566 2589 nos
590 2535 821 2611 peruenerunt.

151 2631 219 2698 Seri
243 2631 306 2694 hos
328 2629 457 2696 codices
481 2631 569 2716 ipsos
594 2651 614 2694 e
637 2629 766 2695 duobus
791 2651 836 2693 ex
865 2628 926 2695 iilo
959 2630 1065 2714 primo
1099 2629 1154 2693 de·

72 2740 192 2822 seriptis
214 2738 380 2802 diuersam
401 2749 435 2800 et
457 2735 620 2827 duplicem
643 2738 779 2824 stirpem
800 2735 931 2818 ducere,
952 2755 1017 2800 non
1042 2757 1061 2800 e
1082 2733 1154 2822 plu-

86 3060 113 3126 ¹)
131 3056 243 3112 Nonius
260 3071 358 3110 nerem
376 3055 551 3128 scripturam
572 3053 653 3110 dedit
671 3056 756 3111 etism
774 3054 821 3120 11,
848 3062 882 3121 8,
916 3055 967 3112 uhi
985 3056 1075 3112 codex
1094 3055 1153 3123 ille,

128 3167 145 3202 e
162 3165 221 3221 que
239 3148 333 3204 nostri
352 3149 409 3204 orti
428 3155 513 3214 ment,
549 3166 607 3204 une
625 3148 724 3204 littere
741 3148 908 3213 sherrshet,
931 3157 966 3204 ut
983 3149 1076 3203 nostri
1097 3167 1152 3206 rne-

127 3239 233 3305 liores,
255 3241 304 3296 -in
328 3240 520 3297 deterioribus
544 3241 660 3313 longius
678 3257 844 3315 processum
863 3248 907 3306 st,
942 3240 1001 3308 lv,
1031 3246 1067 3295 60
1087 3242 1151 3312 (uni

127 3331 227 3388 cedens
254 3341 282 3387 st
309 3334 405 3400 ratio,
440 3352 506 3388 narn
534 3334 663 3388 codicem
689 3333 779 3390 Paris.
805 3339 835 3387 et
858 3331 918 3388 Pel.
943 3337 961 3386 4
985 3334 1151 3397 coniectura

127 3425 293 3480 emendetur
311 3431 405 3499 puto),
424 3425 467 3492 V,
501 3431 533 3480 ³1
556 3433 585 3480 ct
604 3431 647 3481 55.
710 3425 858 3496 (Fortasse
876 3425 1072 3500 recipiendum
1091 3437 1152 3482 erut

127 3517 214 3572 etim
232 3537 353 3593 quarum
371 3517 403 3583 l,
428 3521 487 3587 21.)
546 3516 656 3572 Contra
674 3499 776 3572 incudo
795 3525 876 3572 erent
895 3519 927 3572 in
945 3503 1024 3576 ¹Noni
1042 3519 1151 3584 codiee,

126 3611 344 3683 quibusnostri
364 3615 478 3674 ostent,
513 3609 708 3676 tt,91,1v,
730 3615 811 3666 teet
829 3617 879 3676 68,
896 3611 939 3677 V,
955 3617 981 3666 e.
1041 3613 1150 3667 Eodem

126 3703 213 3758 nodo
231 3709 388 3777 utrunque
407 3701 567 3776 exemplar,
601 3710 630 3757 et
643 3702 719 3758 Noni
741 3709 771 3758 et
789 3700 837 3768 id,
861 3718 951 3776 equo
970 3711 1069 3760 nosne
1086 3712 1149 3758 orto

123 3801 204 3859 mut,
224 3795 538 3870 deprecaturum,
556 3795 707 3850 ostendere
726 3803 845 3851 conatus
864 3815 928 3851 sum
945 3796 977 3863 1,
1013 3802 1045 3850 ot
1065 3804 1094 3852 et
1113 3795 1149 3860 V,

122 3893 168 3944 et.
219 3873 297 3944 Noni
319 3889 477 3963 scriptores
495 3889 580 3962 posui
603 3905 637 3943 ex
654 3887 781 3944 editione
798 3889 936 3955 Merceri,
974 3907 1057 3962 quem
1079 3887 1147 3941 scie-

122 3980 189 4034 hm
209 3987 237 4035 ei
256 3980 326 4036 alibi
357 3987 387 4036 et
411 3981 443 4036 iu
474 3980 521 4035 hir
546 3980 619 4038 ioris
644 3981 679 4034 ed
709 3989 892 4055 optumomm
916 3981 991 4038 Noni
1018 3979 1148 4036 codicum

121 4070 210 4126 edm
227 4074 436 4140 constitutum,
453 4075 489 4130 de
508 4089 565 4148 quo
585 4073 701 4128 adtendi
720 4075 826 4141 uelim,
844 4075 922 4148 quod
938 4072 1024 4146 posui
1042 4071 1074 4126 iu
1091 4071 1147 4128 nd-

120 4161 225 4220 dendis
241 4166 279 4220 sd
296 4186 326 4240 p.
343 4171 405 4222 ml.

77 4259 101 4323 ²)
124 4255 377 4333 ntemplatione
395 4267 496 4334 poetes
514 4260 675 4318 deceditis
694 4261 839 4336 archetypi
860 4256 987 4323 mendis,
1010 4255 1060 4315 uti
1080 4273 1144 4313 con-

119 4351 238 4410 iectum
260 4353 404 4411 urionem
424 4371 568 4427 erponem.
