2720 4878
248 273 312 338 2⁰2
598 269 661 334 nt:
681 267 858 338 FlNlBUS
881 265 984 337 Bon.

248 489 313 554 que
332 475 456 529 tuntum
478 463 566 527 inest
590 461 671 527 nihil
691 462 814 527 dolere.
883 462 951 540 Qui
973 463 1077 550 igitur
1099 465 1260 542 conuenit,
1278 463 1310 526 ul

249 572 316 638 elia
337 568 506 657 uoluptate
529 569 638 634 dioere
662 583 810 634 naturum
831 568 1007 656 profioisoi,
1027 571 1062 634 in
1085 569 1152 634 ulie
1172 591 1310 634 sunnon

247 677 368 744 bouum
393 675 538 763 penerel

338 782 410 862 xl,
443 785 498 848 88.
540 779 724 846 Bestiarum
761 801 841 844 uero
880 778 1007 844 nullum
1048 780 1202 844 iudicium
1236 791 1310 866 putu.

246 891 408 972 Quamuis
430 890 518 954 eninr
543 887 739 974 deprsuutne
763 907 829 950 uon
849 887 936 964 siut,
983 907 1105 971 pruuue
1127 899 1231 950 tumen
1252 905 1310 947 esso

246 1011 394 1088 possunt.
441 996 486 1062 Ut
508 992 664 1058 bacillum
687 992 776 1058 uliud
800 1005 850 1057 est
873 991 1035 1056 inllexnru
1065 1006 1099 1056 et
1127 995 1309 1056 incursatum

245 1106 286 1171 de
308 1105 489 1176 industrie,
535 1099 624 1165 uliud
647 1105 694 1165 itu
715 1112 846 1180 nutum,
892 1102 940 1163 sie
963 1100 1106 1164 lererutn
1129 1111 1241 1162 ueturn
1260 1118 1309 1160 uon

246 1222 297 1276 est
318 1209 378 1276 illu
411 1208 540 1295 quidem
571 1209 751 1292 deprauata
780 1205 867 1270 mele
899 1205 1093 1290 disciplina,
1135 1205 1195 1268 sed
1217 1216 1310 1267 unturu

244 1339 316 1382 sun.
382 1313 452 1378 Neo
473 1333 570 1391 uero,
607 1325 643 1376 ut
664 1312 867 1399 uoluptatem
892 1325 1047 1398 expetnt,
1084 1323 1202 1375 nutura
1222 1321 1310 1374 monet

244 1423 419 1498 insontem,
443 1420 503 1483 sed
528 1432 654 1484 tanturn
679 1433 714 1484 ut
737 1441 773 1484 se
793 1422 863 1506 ipse
885 1418 1022 1506 diliget,
1054 1432 1089 1482 ut
1109 1419 1268 1504 integrum
1284 1435 1309 1476 se

295 1582 457 1642 nihinnnnss
485 1585 612 1644 Qudquid
625 1598 712 1632 onnes.
772 1587 807 1633 88.
821 1585 1060 1645 possennpmnuc
1084 1579 1307 1636 lit-notunilisu

242 1663 366 1722 pieton
380 1663 558 1717 deintustrtn)
586 1661 687 1720 quiden)
700 1663 777 1708 onds
804 1665 942 1720 uernum
955 1661 1016 1707 1.Ρο
1043 1661 1196 1719 ipseltpssns
1208 1659 1248 1704 cii

312 1802 368 1868 Qut
383 1802 471 1872 igitur
488 1802 628 1862 conuenit)
646 1800 695 1856 Sio
711 1800 835 1869 Lirinus,
855 1807 883 1858 oi
900 1801 1048 1856 inuentum
1066 1799 1138 1852 Deo.
1158 1797 1199 1853 nit
1215 1795 1241 1850 is
1259 1795 1308 1848 Per.

242 1893 279 1958 25
314 1894 516 1950 oxoniensium
534 1893 648 1949 silentio
670 1894 705 1948 de
723 1895 883 1966 lipsium,
919 1893 955 1946 de
977 1891 1003 1942 ll
1019 1889 1133 1946 omnino
1152 1908 1206 1945 nou
1225 1885 1308 1942 enuili

240 1991 347 2058 potest3
370 1987 456 2042 Gsius
474 1988 579 2043 oblitus
600 1994 642 2042 est
659 1989 738 2042 cedd.
764 1987 911 2058 inspicere.
952 1983 1071 2038 Uidetur
1096 1991 1174 2037 rorte
1196 1981 1308 2034 emende-

240 2087 310 2134 tum.
345 2078 443 2150 Longe
462 2081 534 2135 enim
555 2081 668 2136 diuerso
686 2087 765 2136 sunt:
793 2079 858 2154 quid
877 2093 946 2146 opus
966 2075 1031 2130 esti
1050 2082 1078 2130 et
1095 2093 1156 2148 que
1174 2075 1225 2128 illo
1241 2072 1308 2126 nodo

239 2170 371 2224 dicuutur
389 2169 430 2236 (id
451 2181 494 2227 est
512 2175 590 2226 teror
609 2174 648 2226 nd
664 2173 740 2246 quid,
759 2173 839 2238 our);
857 2167 950 2224 simile
968 2175 1041 2224 esset
1056 2170 1125 2238 quid
1141 2165 1253 2237 potenti
1268 2180 1307 2234 pru

239 2263 288 2331 qui
301 2262 418 2330 petest?
436 2266 509 2334 qnod
527 2283 583 2320 nou
605 2266 718 2319 dieitur.
1187 2297 1195 2315 ·

308 2355 377 2423 (inp.
396 2355 454 2416 itt,
488 2353 533 2413 88.
569 2357 617 2409 sed
641 2363 744 2410 natine
771 2360 835 2422 suu)
865 2357 1057 2427 Neglegeuter
1083 2353 1183 2406 Cicero
1207 2346 1309 2418 scriptiis

239 2445 361 2517 primurn
381 2451 422 2498 sic
440 2447 584 2501 runtrsriu
602 2465 709 2519 ponens
729 2450 829 2500 rnulutu
848 2449 1023 2516 disciplinatu
1049 2445 1202 2516 (eliorum)
1229 2449 1254 2494 et
1268 2456 1309 2490 stt·

238 2544 329 2590 turoni
347 2553 425 2587 suum
443 2541 514 2608 (qne
534 2537 595 2608 ipsu
611 2541 704 2610 ligure
718 2539 845 2592 defendit
861 2540 1065 2610 scriptorem),
1095 2545 1126 2594 ut
1144 2535 1310 2591 obliuiscere-

237 2634 294 2691 tur,
313 2626 471 2681 subiectum
491 2644 550 2683 esse
568 2648 623 2684 non
638 2635 729 2696 seror,
749 2631 798 2684 sed
815 2639 944 2686 naturane
957 2635 1093 2698 swarten.
1132 2637 1231 2699 linque
1245 2623 1311 2695 print

235 2719 292 2772 lieo
310 2716 421 2788 ungitur
438 2721 544 2785 lector,
564 2723 694 2778 detrsrto
712 2722 901 2796 proprietate,
920 2721 1053 2794 pinguius
1073 2724 1108 2775 de
1126 2721 1196 2776 lenis
1214 2735 1310 2773 eurum·

236 2828 292 2883 que
310 2811 409 2866 liubitu
435 2811 613 2884 intellegere.
666 2819 743 2887 Quos
762 2817 893 2871 Bromius
913 2825 941 2870 et
959 2815 1046 2869 Gzius
1065 2819 1221 2884 ronpsrsnt
1236 2813 1311 2868 toron

235 2901 307 2961 nihil
326 2906 432 2959 hubent
449 2902 502 2960 nisi
520 2906 717 2978 repetitionem
736 2908 859 2962 eiusdem
886 2905 1006 2963 neminie
1023 2909 1059 2960 de
1083 2905 1202 2960 diuersis
1228 2903 1309 2960 rein.

233 3015 295 3072 qun
311 3007 439 3054 serente
459 3001 651 3070 appellentur,
672 3003 764 3072 positi.
800 3002 917 3066 Deinde,
936 3018 1020 3070 quom
1039 2999 1204 3055 seiunxisset
1221 2998 1309 3064 depru-

233 3092 296 3146 nuti
314 3097 342 3145 et
357 3092 444 3160 pruni
460 3091 621 3154 notionem,
658 3094 705 3147 nto
723 3101 834 3158 tumen,
872 3093 967 3148 omniu
985 3093 1106 3146 roieieus
1124 3091 1152 3144 in
1172 3092 1252 3144 iltrtn
1267 3105 1310 3154 up·

234 3183 400 3254 positionum
420 3184 572 3256 discipline
590 3192 620 3240 et
635 3194 757 3253 uetuere,
776 3187 933 3257 depruuntn
950 3185 1137 3239 communiter
1157 3181 1261 3253 posuit,
1285 3184 1311 3229 ui

233 3274 320 3328 etiem
338 3291 430 3342 praesu
448 3276 490 3344 (in
517 3280 639 3332 seeundo
667 3281 810 3344 mosultro)
829 3278 1115 3349 conprehenderetnr.
1154 3277 1193 3329 Et
1211 3277 1314 3345 possunt

234 3381 287 3436 per
306 3381 337 3417 se
355 3367 453 3438 utiquo
472 3371 556 3422 modo
577 3369 671 3424 bertin
690 3371 745 3423 diui
764 3371 824 3440 ipen
841 3378 942 3424 nature
960 3371 1138 3440 deprenste,
1157 3367 1213 3420 hoo
1229 3373 1314 3426 esne

231 3457 359 3528 periente
384 3459 477 3528 speeie
504 3468 533 3513 et
557 3460 652 3515 formu
678 3463 743 3528 (der
770 3462 846 3527 idne)
871 3464 992 3516 detorto.
1045 3463 1105 3515 Neo
1130 3459 1207 3514 enim
1232 3453 1313 3512 susim

229 3565 321 3621 pennu
343 3556 408 3619 pust
426 3567 478 3602 sito
496 3552 617 3618 addetur
656 3571 720 3608 nunu
739 3555 767 3608 in
786 3553 939 3609 hsohuius
965 3552 1150 3624 oppositionis
1173 3547 1314 3622 diligentis

229 3642 321 3697 multe
342 3638 432 3710 iungis
449 3641 587 3697 sentietur
605 3645 683 3715 prius
701 3647 919 3713 incommodum,
938 3649 1128 3702 ounoutrente.
1142 3640 1311 3700 nominatius

229 3741 258 3790 et
275 3732 403 3787 sblstiuo
423 3732 526 3803 (pruno
543 3743 646 3790 nutura
663 3745 766 3792 euterun
786 3740 858 3805 situ).

299 3825 359 3878 Nee
375 3842 459 3886 uero,
494 3832 527 3880 ut
544 3828 715 3895 rsoluptutens
735 3834 858 3899 expetnt)
888 3833 953 3885 ileu
971 3830 1071 3884 (licere
1088 3830 1183 3900 negt·
1199 3825 1312 3884 instituit

227 3917 371 3989 explicere
390 3933 473 3986 quem
491 3918 628 3988 expliest3
649 3937 713 3974 uorn
733 3939 807 3986 mex,
826 3923 930 3978 ominus
945 3921 1057 3977 difficili
1073 3921 1226 3992 quintinus
1244 3919 1313 3987 (531

226 4027 330 4081 ningen
348 4009 521 4084 potentiosi),
541 4019 649 4066 tuntum
667 4011 883 4068 inconstantium
904 4015 1087 4086 reprehendit
1105 4013 1230 4084 Epicuri.
1260 4013 1312 4065 l‘ro

226 4118 292 4154 nero
307 4101 381 4171 Spir.
392 4101 494 4169 (Gaius
512 4101 591 4156 edilit
604 4103 676 4169 nrt.)
687 4121 759 4164 uere,
781 4103 855 4165 (iud.
868 4109 893 4172 l,
909 4107 937 4174 2,
956 4109 1033 4172 Bon,
1053 4107 1105 4161 01.
1114 4125 1130 4174 χ
1144 4123 1222 4176 erge.
1250 4105 1312 4158 ilex

226 4207 277 4260 pto
302 4209 331 4245 se
355 4194 463 4260 ipsein
491 4195 553 4249 edd.
580 4211 667 4268 usque
694 4194 730 4247 sd
750 4194 825 4252 utu.
850 4207 877 4256 et
899 4201 975 4272 eputl
994 4201 1070 4255 huno
1094 4197 1189 4272 ipsum
1206 4195 1260 4253 tuit
1285 4211 1313 4249 er

226 4281 322 4354 ipsust.
358 4283 460 4342 l'ostss
480 4303 562 4342 uerno
580 4284 608 4342 it
627 4285 782 4346 nduotnuit.
