2788 4886
458 275 462 285 ⁸
487 289 742 358 PRAEFA'l'lO.
1118 293 1164 360 Ll

163 487 236 568 Η.
283 481 321 549 ln
344 484 537 550 enarrandis
562 484 614 550 his
633 483 729 550 libris
747 488 1163 578 priruanrrnaxumsnrque

81 613 228 678 operans,
278 603 316 656 ut
337 611 398 678 par
420 603 513 673 erut,
557 589 681 657 contuli
703 592 743 656 ad
768 613 821 657 res
853 605 887 658 at
911 597 1091 662 sententias
1114 599 1163 665 ita

78 697 304 777 declarandas,
351 709 387 762 nt
409 695 524 787 plene,
566 697 755 784 aequaliter,
779 697 949 781 distincte,
973 699 1080 768 libera
1101 723 1162 770 ax·

79 819 261 892 poneretur,
285 803 363 890 qnid
382 801 500 869 Cicero
521 825 540 869 a
561 801 684 869 Graecis
710 817 878 892 acceptum
903 809 1064 893 quomodo
1082 809 1161 877 red-

78 909 216 991 didisset,
240 910 414 996 omnisque
438 911 668 998 disputationis
691 911 770 977 ordo
793 923 826 978 et
853 931 1048 1002 progressus
1069 929 1161 1002 pate·

78 1027 131 1081 ret.
198 1013 313 1082 Multa
334 1018 423 1082 enirn
446 1019 480 1082 iu
503 1017 565 1083 hac
585 1027 679 1104 parte
707 1017 908 1105 reliquerant
936 1017 1060 1088 Maseli
1088 1021 1160 1090 lau·

78 1121 177 1189 debile
200 1122 369 1202 studium,
417 1145 438 1188 a
458 1123 614 1189 doctriua
643 1125 747 1211 copiis
777 1137 811 1190 et
841 1127 942 1192 iudici
973 1125 1158 1216 subtilitate

78 1251 133 1294 non
153 1233 237 1294 sutis
268 1249 398 1313 seraper
427 1231 587 1310 adiutum,
614 1241 649 1295 et
679 1230 798 1296 Danisi
829 1252 951 1319 opera,
996 1257 1068 1321 quta
1087 1238 1158 1304 fere

77 1347 262 1423 commpts
284 1351 316 1401 st
347 1339 380 1402 in
410 1335 492 1404 locis
520 1335 683 1424 Diogenis
716 1349 749 1401 et
783 1337 882 1404 Sexti
910 1337 1067 1427 Erupirici
1100 1365 1157 1430 pu·

78 1455 214 1529 nunqua
240 1440 505 1510 Christianorum
535 1441 584 1508 ibi
612 1440 834 1526 ascribendis,
879 1443 938 1511 nbi
972 1467 1074 1514 unuru
1096 1450 1157 1515 ali·

78 1549 152 1634 quod
183 1569 254 1614 non
282 1552 432 1637 ignotum
462 1550 581 1637 dogma
610 1553 733 1636 apertis
761 1549 871 1617 uerbis
900 1555 1043 1641 positum
1074 1569 1155 1634 erut,

79 1667 136 1719 tun
157 1673 230 1742 qnae
254 1651 407 1724 Bromius
431 1661 465 1723 iu
490 1659 587 1723 trium
603 1658 779 1743 primorum
800 1655 959 1728 librorum
982 1683 1156 1750 argumen-

78 1763 114 1825 tis
131 1761 341 1850 explicandis
365 1767 445 1831 satis
469 1777 545 1852 npta
568 1775 601 1829 et
623 1764 775 1829 distincte
798 1779 1018 1854 exposuerat,
1048 1791 1154 1858 neque

79 1879 173 1932 tanuen
191 1871 243 1935 its
265 1881 302 1934 ut
323 1870 542 1936 reconditiora
563 1869 717 1936 subtilius
743 1871 938 1959 adtingeret.
1006 1871 1154 1942 Goeren-

77 1975 138 2039 siss
156 1975 240 2042 loeis
263 1973 306 2042 ab
330 1974 382 2041 luis
404 1979 607 2062 transcriptis
632 1976 715 2042 nihil
735 1977 859 2042 addidit
883 1979 947 2043 nisi
971 2001 1100 2046 errores
1119 1985 1153 2046 iu

77 2082 152 2147 nnus
170 2084 350 2148 sententiis
373 2085 641 2170 argumentisque
662 2080 866 2148 incredibilia
885 2095 1076 2172 tantosque,
1118 2101 1155 2150 ut

78 2207 132 2252 nnn
152 2211 224 2254 raro
252 2189 367 2255 Stoica
388 2211 448 2275 pro
469 2189 659 2279 Epicureis,
683 2189 845 2276 Epicurea
868 2210 928 2278 pro
953 2191 1073 2257 Stoicis
1097 2189 1155 2258 lra-

78 2289 209 2374 berst.¹)
263 2295 379 2383 ltaque
403 2298 436 2360 in
461 2293 677 2362 difficillumis
696 2295 879 2384 quibusque
895 2293 978 2362 locis
1003 2295 1154 2364 tacebant

76 2402 262 2488 interpretes
283 2407 337 2482 (ut
359 2401 412 2481 ll,
433 2405 495 2483 83,
514 2403 574 2483 15,
595 2401 664 2484 lll,
686 2405 747 2485 tu,
769 2403 841 2485 lv,
860 2405 922 2486 68,
943 2401 995 2484 V,
1017 2407 1061 2470 17
1081 2425 1151 2496 sqq.

76 2507 242 2598 nullisque
279 2504 357 2574 aliis
379 2507 492 2593 locis);
534 2531 590 2575 eas
623 2509 864 2592 dubitationes,
907 2531 979 2597 qun
1011 2509 1152 2598 diligen·

75 2615 131 2680 tius
161 2615 357 2682 adtendenti
393 2613 517 2681 oboriri
558 2614 738 2698 debebant,
786 2637 945 2703 nusquam
986 2617 1055 2683 fara
1095 2619 1152 2684 ad·

75 2721 234 2808 tingebant
256 2721 308 2806 (ot
328 2721 399 2802 lll,
441 2723 484 2786 40
506 2721 599 2807 dea);
648 2743 711 2810 qno
737 2724 844 2787 ruinas
866 2723 984 2788 ruiruru
1026 2737 1077 2804 st,
1122 2729 1152 2791 si

74 2829 140 2912 qaid
159 2851 204 2896 ex
232 2827 467 2916 disputationis
495 2831 652 2896 interiora
674 2827 904 2916 intellegentia
927 2831 996 2916 pati
1017 2827 1153 2896 deberet

74 2933 107 2999 ad
127 2939 323 3024 scripturum
347 2933 482 3000 debiant
514 2936 794 3016 constituendam,
835 2933 1028 3023 plerumque
1058 2933 1152 3002 abor·

74 3053 166 3108 utun
189 3063 281 3123 esse,
302 3054 339 3106 ut
358 3039 421 3122 Ill,
440 3041 494 3122 tt,
513 3039 575 3122 lv,
592 3018 646 3122 32,
672 3061 827 3107 maxunre
844 3053 954 3106 tannen
978 3041 1029 3126 (ut
1042 3051 1152 3127 poste·

73 3149 147 3214 tiore
169 3149 263 3236 loen)
285 3145 327 3214 ab
348 3149 604 3214 recentissntuis.
652 3147 796 3214 Ornnino
819 3145 946 3212 nnlluru
967 3158 1093 3234 etpost
1115 3147 1153 3212 Ρ.

73 3251 159 3321 l'abri
171 3277 313 3344 operatu
335 3257 369 3319 iu
382 3253 589 3322 Academicis
603 3253 806 3320 conlocatam
822 3275 869 3318 ex
885 3252 948 3322 hnc
964 3273 1086 3338 genere
1096 3251 1151 3319 Ci-

73 3365 186 3428 cernuis
202 3383 304 3450 opus,
325 3365 418 3428 cuitu
435 3364 616 3427 sententias
638 3373 672 3427 et
687 3361 924 3448 disputationes
943 3359 1152 3447 omniaplene

73 3477 100 3530 st
124 3489 196 3536 curu
230 3489 344 3536 rerum
380 3465 888 3556 intellegentia'Graecorumque
919 3463 1059 3532 iontiurn
1088 3487 1151 3532 usu

73 3591 232 3643 ruunatus
274 3575 384 3642 dicere
418 3576 581 3663 possimus
615 3585 735 3661 praeter
763 3569 867 3638 libros
900 3571 941 3638 de
977 3567 1150 3654 officiia.²)

88 3881 113 3948 ¹)
129 3881 174 3938 Ad
193 3881 259 3938 Lib,
276 3883 291 3939 l
307 3890 338 3939 et
356 3883 403 3948 ll,
425 3883 476 3958 qni
493 3881 634 3938 lscdlurui
653 3889 737 3948 suut,
754 3882 886 3938 Muretus
904 3881 1032 3956 quadarn
1050 3886 1151 3936 conw-

132 3973 169 4029 tit
187 3975 220 4031 iu
237 3977 378 4044 scholiis,
396 3975 433 4033 sd
449 3975 503 4031 tris
519 3981 680 4049 patrenus
696 3973 788 4030 libros
805 3971 888 4030 niltil.

89 4067 117 4134 ¹)
136 4067 231 4136 Quen
247 4076 415 4145 potestaten
432 4067 541 4142 pudere
558 4065 737 4142 philologum
745 4067 893 4142 appellari,
904 4081 990 4140 quarn
999 4061 1105 4130 uidet
1120 4061 1151 4117 in

132 4161 251 4231 grandis
269 4161 727 4218 noliseditione'l'uscnlsnaruur
736 4160 886 4216 Ciceronis
904 4155 1151 4231 remmexplicsn·

133 4251 234 4310 (larun
249 4273 353 4312 caussa
370 4271 423 4330 per
440 4254 643 4327 excursum(sd
653 4253 755 4323 iles)
766 4251 882 4314 asrrffi,
899 4263 962 4322 quse
971 4245 1152 4305 Camerarius

132 4361 190 4400 m
209 4349 312 4424 papius
327 4349 365 4404 de
383 4348 470 4405 sectis
489 4347 654 4404 Gracorum
673 4343 913 4420 pbilosophorum
929 4341 1096 4407 tradiderit,
1125 4347 1171 4412 et·

924 4445 961 4503 n!
