2726 4884
233 337 296 400 eso
587 285 974 392 nerrntauseon.

235 527 401 591 uissumir.
449 521 540 586 Zeno
563 533 697 600 uotam,
718 516 805 606 quod
829 537 935 595 suam,
957 515 1041 600 qnod
1068 515 1215 599 propriam
1241 527 1307 595 spe

236 636 320 698 oiem
341 627 480 700 babeat,
525 648 582 692 our
605 623 821 712 adpetendum
845 623 909 701 sit,
938 621 972 684 id
996 619 1101 683 solnm
1124 617 1236 682 benum
1259 639 1308 698 ep·

121 763 147 816 '.
236 735 358 825 pellat,
390 734 520 799 beatam
544 743 653 796 antem
679 734 781 794 uitam
802 747 874 792 cam
900 725 1027 803 solam,
1059 745 1228 810 quaecum
1250 725 1308 785 uir·

238 857 306 910 tute
331 842 480 927 degatur.

329 945 447 1014 xxtl.
479 943 526 1008 .Si
549 942 589 1006 de
616 962 651 1005 re
676 939 853 1023 disceptari
875 948 1022 1021 oportet,
1064 932 1153 998 nulle
1174 933 1248 996 sthi
1269 945 1308 994 te·

239 1077 331 1132 cunr,
374 1055 479 1126 Cato,
511 1060 620 1134 potest
642 1065 717 1110 esse
738 1043 911 1108 dissensio.
962 1038 1057 1105 Nihil
1081 1053 1131 1102 est
1152 1043 1247 1114 enim,
1273 1037 1306 1098 de

155 1185 157 1194 ’
238 1181 301 1246 quo
321 1155 417 1220 aliter
442 1169 475 1217 tu
498 1155 623 1217 sentias
646 1164 743 1237 atquo
767 1170 850 1235 ego,
881 1147 978 1209 modo
1001 1147 1194 1209 conmutatis
1210 1143 1307 1207 uerbis

237 1267 325 1346 ipsas
345 1281 398 1326 res
418 1259 635 1323 conferemus.
695 1253 766 1319 Nec
787 1253 849 1316 boc
870 1251 928 1316 iile
950 1266 1015 1314 non
1040 1251 1140 1329 uidit,
1174 1249 1224 1313 sed
1246 1269 1306 1310 uer·

239 1368 353 1432 borum
386 1361 632 1451 magnificentia
665 1373 695 1425 et
725 1372 758 1424 et
780 1358 889 1446 gioria
910 1341 1111 1434 dele⁰ctutus3
1149 1356 1307 1442 quirice,

237 1494 320 1560 quse
346 1471 441 1548 dicit,
473 1473 519 1532 ita
540 1469 700 1545 sentiret,
730 1479 766 1530 ut
788 1463 889 1532 uerba
910 1459 1120 1548 significant,
1145 1461 1216 1546 quid
1236 1463 1305 1522 inter

238 1600 312 1643 eum
343 1589 376 1641 et
408 1573 461 1638 uel
493 1572 695 1658 Pyrrhonem
722 1570 780 1636 uel
811 1571 997 1635 Aristonem
1020 1565 1218 1658 interesset!
1259 1565 1306 1628 Sin

238 1671 348 1764 autern
371 1702 428 1746 eos
452 1699 515 1742 non
539 1676 720 1764 probabat,
745 1675 824 1762 qnid
846 1677 986 1740 adtinuit
1010 1694 1083 1736 enm
1107 1674 1167 1750 iis,
1194 1669 1306 1756 quibus·

238 1811 311 1853 cnm
335 1811 370 1851 re
395 1781 608 1861 concinebat,
628 1781 739 1848 uerbis
760 1779 970 1868 discreparet
1015 1781 1069 1842 ol.
1094 1777 1202 1854 Quid-t
1220 1779 1247 1838 si
1267 1795 1306 1838 rc·

290 1981 399 2038 degatur)
413 1977 547 2036 tegeturb
589 1974 724 2033 eteeepten)
740 1973 918 2031 rttreepterela
952 1971 1021 2026 didit)
1034 1971 1140 2016 etrtcti.
1175 1967 1306 2024 ettettrnd

217 2059 345 2118 ,uttetli
387 2059 412 2100 et
426 2055 474 2106 set)
488 2053 547 2098 etti
583 2051 632 2104 oei)
647 2057 676 2094 ut
692 2051 713 2094 Β
748 2051 864 2104 eia)et0
896 2049 1017 2103 prebebat)
1029 2047 1154 2102 preteeti
1191 2045 1305 2091 centie-

238 2131 457 2190 discrepantiae.
473 2129 545 2185 pit.
573 2126 720 2183 quibuscum)
735 2127 827 2171 eumn
846 2125 1006 2184 eemqsttee
1020 2123 1081 2169 Noe.
1108 2121 1305 2174 are-etrum

239 2209 371 2252 etnetutrtr
386 2207 446 2250 Nou.
463 2203 606 2248 continebat
621 2201 641 2246 E
656 2202 823 2247 eonsmtetet
839 2201 901 2248 1ιοΙῖ

307 2393 493 2467 quodetiam,
529 2392 601 2460 qued
619 2389 762 2460 proprium
781 2389 898 2458 speciem
918 2389 1032 2458 tutent)
1070 2387 1148 2442 ddee
1167 2387 1234 2442 mibi
1251 2384 1306 2438 nire

238 2484 341 2538 eccidit
365 2485 424 2536 bec
450 2482 478 2536 in
503 2483 601 2535 sedete
627 2479 787 2535 definientis
813 2481 940 2534 erutione
959 2480 1133 2551 pronominis
1150 2477 1270 2549 repetitio
1287 2481 1307 2526 et

237 2594 291 2630 sue
314 2582 398 2645 etque
418 2570 537 2643 propriae
553 2571 656 2642 speciei
675 2571 834 2638 distinctio,
855 2577 886 2626 ut
905 2571 1048 2643 mimicae,
1069 2587 1086 2624 e
1104 2571 1240 2626 Cicerone
1255 2565 1309 2620 ern·

236 2673 315 2736 ptum
335 2664 439 2717 tuisser
475 2658 547 2734 quod
572 2681 651 2716 ruera
670 2666 808 2738 quondum
823 2665 965 2733 propriane
984 2665 1108 2734 specibus.
1145 2663 1244 2716 Pontio
1259 2661 1307 2728 poti

236 2755 386 2809 Dauieium
405 2755 468 2807 iure
488 2755 607 2808 offendit
626 2771 679 2808 uox
699 2757 787 2808 eolo·
807 2773 862 2810 non
881 2762 959 2810 recte
978 2754 1088 2826 porite3
1124 2756 1165 2809 ric
1184 2754 1252 2807 seim
1267 2751 1307 2802 ee

236 2847 358 2912 dicitur,
377 2849 523 2917 tamquam
542 2854 653 2900 ueteres
672 2863 735 2901 eom
756 2847 844 2902 etiem
863 2848 970 2912 uitam,
998 2865 1057 2917 quer
1073 2847 1134 2900 eine
1156 2845 1256 2900 uirtme
1270 2841 1307 2892 dt·

236 2948 361 3012 geretur,
379 2941 493 2993 boetem
515 2956 575 2992 esre
594 2955 675 3009 porse
695 2939 866 3006 putruerint.
902 2939 957 2993 Sed
977 2938 1004 2993 ie
1023 2939 1098 2992 benc
1117 2927 1307 3009 neglegentius

237 3033 336 3086 Cicero
355 3029 471 3097 incidit,
490 3032 556 3086 dnrn
576 3037 604 3086 et
622 3031 759 3094 eandem,
783 3047 868 3099 qnam
889 3045 974 3100 supro
995 3031 1094 3098 (uitem
1111 3009 1205 3084 entem
1220 3031 1305 3082 testea

237 3124 281 3178 itti
302 3127 374 3194 eom)
394 3123 531 3178 orationis
550 3123 672 3176 termam
692 3128 720 3176 ot
747 3120 918 3176 breuitetem
937 3121 1061 3176 retinere
1082 3124 1180 3176 studet
1198 3129 1227 3176 et
1240 3115 1306 3174 simol

235 3216 418 3286 significare,
455 3215 591 3271 uirtutem
610 3215 701 3270 rotem
722 3213 838 3286 requiri.
873 3215 904 3268 Iu
924 3230 975 3278 eo,
1000 3215 1074 3284 qnod
1093 3215 1226 3269 Decimus
1240 3207 1305 3265 scribi

236 3307 314 3358 nolte
335 3324 411 3368 eum,
430 3325 490 3381 qrue
509 3308 570 3360 roto
587 3325 648 3360 curn
668 3306 770 3360 uirtute
789 3307 825 3370 (c.
846 3306 914 3363 ttirt.
931 3304 1008 3374 eote)
1029 3307 1163 3376 degatur,
1184 3307 1306 3362 niteretur

236 3396 311 3450 Zeno
332 3413 457 3468 negare,
494 3399 582 3452 uitem
602 3399 714 3452 beatam
735 3415 812 3463 erre,
832 3396 857 3451 ri
875 3397 981 3470 aliquid
1000 3408 1102 3468 preter
1121 3400 1251 3454 uirtutem
1267 3395 1304 3448 ΙΙΙ·

235 3489 334 3552 beret;
370 3488 492 3542 debebat
520 3489 595 3542 eninr
617 3489 689 3542 dicie
727 3489 773 3542 uel
793 3507 852 3544 oum
871 3491 931 3542 rote
949 3491 1063 3545 uirtute.
1118 3492 1207 3546 caim
1224 3483 1305 3544 itrbit

235 3583 334 3632 contra
352 3577 511 3643 Deuisiuru,
531 3586 561 3632 ut
583 3586 619 3644 ΙΙ,
638 3580 674 3634 dd
691 3587 790 3636 contra
808 3581 958 3636 Pcarcium
976 3581 1112 3652 disputet.

305 3671 373 3740 Cep.
395 3669 490 3724 XXII.
528 3687 558 3723 re
585 3671 758 3740 concinebat)
796 3675 922 3730 Uerbum
942 3673 1067 3730 restituit
1083 3675 1194 3731 Iibiuue
1212 3667 1303 3744 (etet

236 3766 268 3820 t).
290 3764 311 3827 t,
331 3763 378 3830 le)
398 3779 413 3814 o
431 3761 533 3825 Nonio,
552 3764 625 3832 apud
648 3781 731 3833 quem
746 3763 798 3819 etsi
816 3767 950 3820 scribitur
969 3768 1167 3823 concinebatur
1180 3771 1244 3834 (eea
1257 3777 1303 3816 κ·-

234 3857 419 3920 attondimur),
457 3856 572 3920 temen,
609 3856 674 3926 quid
693 3855 754 3926 ipre
773 3857 911 3928 scriptum
932 3859 1103 3930 reliquerit,
1128 3851 1304 3930 interpretatio

232 3945 353 4001 ostendit
373 3952 401 4000 et
420 3949 580 4017 exemptum
600 3965 615 3999 e
636 3947 710 4000 tibro
728 3949 741 4000 Ι
762 3949 997 4006 Academicorum
1017 3950 1180 4018 adiectum
1207 3947 1304 4004 eratbe-

232 4039 278 4091 tat
305 4037 390 4094 etiarn
419 4037 494 4108 Spir.
521 4046 549 4094 et
577 4039 650 4093 cur.
678 4039 807 4108 (uteri),
847 4059 963 4111 promus
990 4045 1152 4098 coacinebot
1179 4033 1304 4115 preto?

233 4130 313 4194 (Par.
333 4131 364 4198 l)
384 4129 446 4184 Pet.
465 4133 499 4196 t,
519 4133 671 4186 concineret
689 4132 764 4186 Mor.
801 4134 895 4187 Ceteri
914 4137 1102 4196 eeaneaiebot.
1136 4138 1240 4192 Perelio
1255 4133 1304 4186 ΙΙΙο

232 4219 277 4270 net
296 4226 362 4273 acte
383 4219 549 4287 Pyrrhonem
569 4222 654 4280 (isius
672 4240 689 4280 ιι
708 4225 782 4280 (iud.
802 4225 820 4278 2
838 4228 938 4281 aberro
956 4227 1014 4294 sit,
1033 4229 1069 4282 de
1086 4229 1146 4282 liri.
1167 4235 1263 4284 terem
