2788 4886
275 299 357 370 LIV
696 289 954 362 Pnfflrtt'to.

276 487 360 556 adeo
388 481 470 552 mibi
491 493 578 548 cotue
597 503 644 547 ex
665 477 877 568 neglegenti·
898 487 933 544 et
954 473 1167 555 cenlncicnc,
1194 494 1249 540 ex
1276 473 1326 544 Le

279 592 441 660 cernerit
463 607 590 654 rumine
613 587 822 675 ignorantie,
844 607 892 652 ex
914 584 1029 671 ingeni
1052 595 1188 669 torpere
1213 581 1326 646 iudici

279 698 499 788 peruersitate
517 715 590 760 curn
600 689 787 760 incredibili
798 691 937 779 quadarn
952 688 1122 756 obliuione
1142 689 1267 775 (quern
1283 686 1326 756 Gt

279 799 469 892 meretrice
489 801 547 870 eni
575 795 751 890 ᾰβλεψίαν
780 796 984 886 appellent),
1029 796 1171 882 deniqne
1212 817 1265 860 ex
1301 817 1326 860 et

280 912 394 999 gentie
408 911 534 976 mixtur
545 905 730 974 uidebatur.
769 903 1214 990 Huinessctietneinpinicnee
1237 924 1326 968 erret

280 1039 345 1108 que
382 1014 525 1086 relicnne
562 1015 669 1082 omnic
699 1011 832 1080 cilentio
863 1012 1113 1095 pretermittere
1142 1009 1326 1076 decreniee

282 1123 369 1212 qued
392 1125 502 1210 iprum
529 1143 605 1188 cunt
634 1117 782 1209 periculo
814 1117 926 1207 aliquo
955 1117 1103 1184 lentnrtre
1132 1137 1228 1182 erere
1261 1119 1302 1182 in

282 1231 340 1318 qni
360 1227 438 1296 eliir
458 1229 529 1294 dux
544 1228 664 1308 fueret,
686 1239 796 1294 temen
816 1223 964 1292 crebrent
986 1225 1187 1291 retentionem
1210 1237 1249 1288 et
1269 1245 1326 1310 rep

282 1335 476 1402 beneimern
499 1332 711 1422 pcetciebent
740 1333 888 1402 ecdicum
917 1330 961 1398 cb
983 1352 1025 1398 eo
1046 1328 1183 1418 prclntae
1206 1331 1326 1416 reciptt

287 1439 474 1530 infinitique
497 1444 533 1508 in
557 1443 599 1508 lic
623 1461 752 1508 errore·
773 1440 941 1506 conmitti.
1011 1437 1127 1525 lteqne
1155 1437 1326 1502 eceetitni

282 1551 378 1616 initio
401 1545 612 1635 opprobrium
642 1545 705 1612 boc
727 1567 772 1614 ex
801 1545 923 1614 litterir
954 1547 1077 1610 nortrie
1097 1541 1220 1610 tollere
1244 1556 1280 1609 et
1305 1567 1326 1608 e

282 1675 379 1736 cere,
401 1667 457 1736 nt,
499 1653 619 1742 quibes
638 1652 690 1720 bte
711 1673 807 1742 nuga
824 1665 858 1718 et
879 1650 1064 1740 qnirqniliee
1084 1653 1303 1717 ineninnmoe
1325 1683 1326 1704 t

283 1759 487 1847 placuiteent
507 1773 565 1826 ent
588 1761 796 1828 mediocriter
816 1758 1073 1845 displicuissent,
1096 1755 1176 1824 illoc
1198 1759 1305 1825 indici
1325 1803 1326 1810 κ

284 1870 468 1956 poeniteret
488 1879 523 1933 et
545 1865 668 1955 aliquid
690 1867 732 1932 de
754 1886 815 1932 rue
835 1867 974 1932 ecientie
995 1867 1190 1954 cogitarent,
1209 1877 1326 1952 pectre

284 1974 422 2063 poetbec
442 1995 501 2042 een
522 1993 769 2042 conmemorere
791 1972 940 2059 puderet.
998 1971 1041 2038 Et
1064 1993 1260 2060 qnereqnnm
1283 1991 1326 2058 pe

282 2079 491 2148 incredibilia
512 2092 600 2162 tunt,
622 2100 694 2168 qne)
715 2080 750 2144 in
772 2079 1006 2146 commentario
1027 2077 1190 2166 pincerni·
1212 2077 1297 2144 lecit
1322 2097 1326 2146 t

284 2189 355 2254 teni
378 2185 420 2254 eb
444 2209 485 2254 ec
509 2200 661 2275 peccate,
702 2199 833 2266 terren,
853 2198 890 2252 nt
910 2187 945 2250 in
965 2187 1083 2273 queuis
1104 2188 1251 2252 minume
1273 2197 1308 2250 et

285 2291 423 2358 cillume
444 2314 481 2358 re
502 2305 536 2358 et
559 2291 602 2358 eb
635 2293 725 2358 omni
749 2305 840 2380 perte
863 2290 982 2358 rimilie
1005 2293 1057 2356 eei
1086 2293 1275 2372 uideretur,
1320 2317 1326 2358 t

285 2420 455 2466 crederem
493 2398 547 2466 bic
578 2401 706 2484 copiam
735 2397 898 2486 quendem
928 2395 1159 2484 exemplorum
1191 2411 1326 2487 generat

286 2526 468 2592 exponere.
514 2502 697 2572 Uidebetur
717 2507 806 2570 enim
828 2525 882 2571 ree
903 2505 1161 2572 admonitionem
1188 2525 1254 2572 nnn
1274 2507 1326 2572 ind

286 2609 352 2676 letn
374 2609 538 2678 habiture.
589 2611 654 2678 Sed
676 2613 830 2700 qnoniam
854 2610 931 2700 plne
951 2614 1018 2678 iem
1048 2610 1108 2677 ille
1135 2614 1171 2678 ic
1194 2633 1267 2678 ntec
1287 2610 1326 2678 lib

287 2713 414 2782 obtinet
434 2714 511 2799 loci,
532 2738 631 2805 qnam
654 2716 806 2800 debebat,
829 2731 1002 2786 contentne
1022 2739 1080 2784 erc
1101 2719 1161 2798 iic,
1181 2739 1252 2806 qnee
1274 2740 1326 2807 cup

286 2823 334 2908 (p.
355 2821 410 2890 XI
432 2825 515 2912 eqq.)
539 2825 581 2891 de
602 2845 668 2892 unc
693 2847 816 2915 genere
833 2829 952 2912 poeni,
981 2826 1152 2914 dicetnqne
1174 2824 1326 2891 breuiter¹

286 2930 460 3011 enitente,
501 2931 610 3019 quelie
639 2935 746 3000 omnic
776 2931 835 2999 ille
858 2954 959 3021 opere
978 2934 1042 3009 cit3
1088 2933 1273 2998 testimonie
1302 2933 1326 2998 ft

287 3050 375 3104 teeee
396 3035 502 3118 debe,
550 3041 580 3106 ei
607 3042 682 3128 quir
705 3035 854 3106 extiierit
873 3038 1043 3120 defenser,
1087 3040 1238 3126 queniern
1262 3039 1326 3108 nidt

286 3164 386 3228 qnorn
409 3141 447 3208 C.
469 3139 607 3214 Beierne
627 3168 750 3234 peuces
783 3144 948 3213 Goercnri
969 3165 1098 3212 erroree
1120 3147 1213 3233 qunti
1240 3159 1326 3233 praett

286 3248 359 3312 ione
389 3262 557 3334 notescet,
600 3275 665 3319 non
705 3252 868 3332 defuisse,
893 3255 950 3341 qni
968 3273 1119 3318 mucrene
1141 3257 1243 3318 circat
1266 3259 1326 3316 eit

286 3355 472 3420 mortaliter
503 3359 546 3426 de
588 3359 746 3426 dicerene
780 3365 930 3427 neritum
964 3360 1156 3427 uindicaret.
1223 3359 1283 3426 Sed
1312 3359 1326 3424 b

270 3468 433 3526 'eummur
457 3464 509 3528 nir
540 3467 731 3552 eaepierntne
768 3469 802 3532 in
833 3469 1017 3550 notieeutnol
1044 3463 1216 3532 uerborum
1244 3487 1302 3530 usn

285 3570 436 3634 iunctura
459 3569 631 3657 pueriliter
651 3588 760 3656 erret3
781 3576 811 3640 ei
831 3598 895 3664 qne
917 3589 949 3641 et
970 3588 1059 3642 rnote
1078 3571 1252 3655 dubitatio,
1292 3575 1326 3640 iet

286 3696 463 3762 numquam
482 3679 564 3758 scit,
609 3680 687 3767 quid
711 3694 849 3770 egetur,
878 3703 984 3771 neque
1009 3701 1078 3746 rern
1100 3679 1141 3746 nd
1164 3679 1326 3768 qttoercndn

286 3783 486 3870 propesitum
508 3796 618 3850 mente
638 3789 827 3875 concipiw
843 3809 941 3876 quern
974 3787 1016 3853 de
1037 3789 1184 3854 oratione
1204 3791 1326 3874 querite

286 3891 315 3954 ei
338 3893 373 3956 in
395 3892 641 3978 interrogetiuae
661 3895 833 3958 cententite
856 3895 951 3960 modo
978 3893 1139 3976 bearetur,
1173 3893 1227 3960 ille
1247 3895 1283 3959 dc
1306 3919 1326 3960 rt

286 3993 389 4060 letina
413 3997 503 4078 dicit,
522 3999 552 4062 ei
573 3999 607 4062 in
630 3999 871 4084 prepositionit
894 4003 948 4084 ni,
970 3999 1030 4068 ilie
1051 4003 1093 4067 de
1115 4009 1150 4067 et
1170 3998 1267 4064 clinno
1282 4023 1326 4088 pet

285 4099 406 4181 ticnle3
451 4103 591 4170 aliorum
615 4102 656 4169 dc
679 4106 767 4169 notin
792 4104 892 4172 rebun
922 4105 1098 4176 obseruate
1128 4109 1205 4173 mire
1231 4129 1326 4195 peruct

287 4205 384 4272 tendo
408 4214 606 4301 corrumpit3
630 4233 728 4301 quern
752 4213 908 4300 exempla
932 4215 1174 4296 desiderantur,
1203 4217 1265 4301 ipsc
1286 4235 1326 4280 nrt

283 4309 336 4396 gie
360 4311 506 4383 incndite
527 4315 634 4407 fingit,
660 4320 733 4386 rinc
760 4317 874 4390 Graece
895 4319 1020 4409 plncnit
1040 4324 1112 4390 rinc
1135 4321 1259 4400 Letinnc
1279 4343 1326 4388 een
