2694 4882
271 291 330 361 ΕΤ
352 291 462 361 MAI..
486 289 572 360 Lm.
593 291 643 360 lll
668 291 765 361 CAl‘.
786 298 848 376 ta„
1035 297 1099 360 Μ

54 509 150 574 genere
169 500 328 575 postmor,
348 488 496 575 partibus
516 489 648 576 plnres,
669 489 853 575 aegritudo,
872 487 1025 567 formido,
1047 487 1097 552 lu-

53 593 120 672 bido,
141 599 400 683 quamqueStoioi
425 597 589 661 communi
611 598 743 658 nomina
768 597 913 680 eorporis
937 606 970 658 et
985 597 1098 674 animi,

52 692 154 785 ἡδονήν
172 701 350 788 appellant,
393 725 455 790 ego
479 701 567 768 malo
592 701 751 764 laetitiam
774 699 961 786 appellare,
1004 704 1097 788 quasi

52 808 190 890 gestientis
218 809 315 874 animi
345 805 521 872 elationem
554 805 793 892 uoluptarinm3
815 829 817 832 ·
836 805 1098 888 perturbationes

52 923 136 976 auten
156 911 241 977 nulla
261 927 396 979 naturae
416 916 451 977 ni
474 925 728 990 oonmouentnr,
768 915 941 998 omniaque
963 934 1003 976 es
1024 923 1099 976 aunt

52 1020 190 1102 opiniones
212 1041 249 1084 se
268 1019 390 1084 iudicia
408 1017 573 1095 leuitatis;
615 1021 726 1106 itaque
747 1017 799 1082 his
821 1021 952 1102 sapiens
971 1039 1100 1105 semper

52 1122 161 1188 natabit.

117 1229 172 1294 Xl.
212 1231 264 1296 86.
286 1231 391 1296 Omne
415 1243 544 1310 antam,
577 1229 663 1317 quod
684 1228 859 1292 honesturn
882 1230 946 1307 sit,
973 1229 1006 1291 id
1026 1248 1098 1290 ease

52 1347 153 1420 propter
173 1357 207 1401 ae
227 1337 469 1424 expetendum,
500 1357 671 1402 commane
697 1333 792 1398 nobis
813 1345 864 1398 est
886 1355 959 1402 enm
980 1331 1099 1396 multo-

52 1459 103 1502 run
128 1440 254 1507 aliorum
287 1443 556 1530 philosophorum
589 1443 771 1506 sententiis.
837 1439 972 1504 Praeter
1011 1441 1097 1502 enim

53 1547 94 1608 tris
110 1547 302 1636 disciplinas,
332 1570 415 1635 quae
436 1549 591 1614 uirtutem
614 1571 635 1612 a
652 1569 779 1612 summo
800 1543 887 1610 bono
909 1543 1098 1621 excludunt,

53 1653 140 1715 cereris
165 1655 312 1719 omnibus
340 1653 545 1741 philosophis
574 1653 656 1719 liaeo
680 1666 730 1718 est
766 1653 888 1716 tuenda
925 1653 1099 1729 sententie,

53 1774 173 1822 maxume
193 1771 301 1882 tapnea
323 1760 394 1842 his,
425 1761 480 1846 qui
503 1759 586 1824 nihil
610 1758 699 1824 aliud
722 1759 755 1822 in
779 1755 941 1822 bonorum
963 1777 1098 1820 numero

87 1945 175 2005 lornlde)
184 1949 346 2009 fortitudola
391 1951 469 2004 lorus..
482 1951 541 2008 len.)
555 1951 597 1998 dii.
609 1955 685 2008 serm.
701 1951 753 1996 MR
792 1948 927 2004 elationem)
941 1947 1100 1994 minemo

53 2017 85 2140 ²¹¹¹)
91 2025 199 2150 gig&
212 2028 249 2077 tt.
264 2025 456 2086 philosophorum
469 2027 542 2082 sert.)
555 2033 619 2098 sent.
629 2027 719 2084 pinna.
735 2027 755 2072 1.
777 2025 824 2081 lits)
837 2025 892 2073 add.
905 2025 997 2070 Stsdots
1010 2035 1099 2076 ones,

52 2283 127 2340 liniris
141 2291 184 2344 uel
201 2291 864 2367 e'l'nsoninnsrnmlibroqnnrtonotissnmastf
880 2286 1102 2359 ruoltooonlegit

53 2375 140 2436 letum
162 2400 216 2443 exe.
232 2385 261 2440 X
284 2385 322 2438 ad
339 2384 407 2440 libr.
425 2385 438 2439 l
456 2383 540 2438 otfic.

101 2476 224 2552 uanoque
241 2495 278 2532 eo
297 2482 361 2530 snut
380 2477 521 2545 opiniones
547 2493 581 2528 no
606 2475 709 2528 indicio
727 2473 865 2541 lenitatis)
901 2470 1052 2544 Omniaque
1071 2485 1103 2522 oo

52 2565 126 2618 rutro
141 2585 239 2638 moero
259 2586 318 2623 non
337 2569 432 2638 potnit
451 2568 581 2621 absoluto
597 2565 672 2632 dici,
707 2583 790 2638 quoni
811 2563 951 2636 precsdsl
968 2579 1102 2632 prosumo

53 2665 116 2707 nuru
130 2659 207 2714 totius
230 2665 277 2716 rei
296 2677 398 2718 nomen
416 2659 683 2729 (perturbationes),
706 2658 754 2712 scd
771 2665 887 2730 propter
904 2655 1103 2726 predicatum

53 2744 146 2804 relaturi
163 2759 190 2806 st
203 2752 296 2825 igitar
313 2771 371 2807 non
389 2754 425 2807 nd
444 2749 560 2824 propius
578 2765 678 2806 nomen
698 2751 874 2820 (opiniones),
894 2749 941 2802 sed
955 2748 991 2802 nd
1010 2764 1103 2802 remo·

53 2833 104 2902 'liti
131 2845 197 2912 qood
225 2845 351 2917 scriptor
372 2842 534 2916 generalius
561 2860 621 2898 esre
645 2849 674 2898 et
697 2841 836 2913 dignitate
859 2847 992 2910 prestare
1009 2837 1104 2894 noluit

54 2924 168 3000 (taen),
200 2936 283 2992 onius
301 2937 399 2990 iurare
416 2936 445 2990 in
462 2937 519 2991 lrao
536 2932 798 2990 adcommodationo
814 2932 935 2987 subiecti
953 2932 988 2984 nd
1005 2931 1103 2984 subse-

54 3034 116 3084 norm
132 3027 305 3094 predicatum
323 3028 401 3082 alind
420 3029 581 3099 exemplum
599 3045 655 3082 non
672 3028 776 3081 habeo.
823 3027 877 3089 (lie
894 3021 1036 3095 predicnti
1053 3039 1103 3091 go-

53 3125 101 3164 rere
114 3117 144 3169 ad
159 3119 292 3176 remotius
312 3121 421 3186 relato,
455 3127 488 3176 nt
504 3122 519 3175 1
537 3121 627 3191 Legg.
647 3120 663 3172 1
689 3120 777 3173 lectas
794 3119 830 3172 sd
849 3119 957 3181 locon,
994 3131 1048 3168 non
1067 3114 1103 3166 sd

53 3215 149 3264 Mun
169 3213 309 3278 celerior,
346 3212 476 3267 distincte
509 3211 638 3284 exposuit
665 3209 885 3280 Wesenbesgins
909 3212 939 3260 in
964 3204 1103 3260 Obseruu.

53 3290 114 3351 criti.
128 3299 153 3356 is
170 3312 240 3362 oret.
256 3321 310 3376 pro
328 3303 401 3360 Seri.
419 3323 445 3375 p.
468 3303 504 3360 ld
521 3305 575 3375 sq.)

102 3389 161 3460 Cep.
175 3395 239 3462 Xl,
271 3395 317 3450 iili.
352 3399 462 3449 Praetor
482 3397 552 3450 eninr
570 3393 623 3448 tris
649 3393 822 3464 discipslinos)
860 3392 927 3449 'l'ris
951 3389 1104 3446 sententias

52 3478 128 3534 uellus
142 3485 269 3551 dixisset,
287 3495 321 3542 ot
338 3488 381 3552 ll,
398 3486 452 3554 353
472 3505 562 3558 nequo
581 3485 655 3540 enirn
673 3485 826 3556 discipline
843 3487 886 3540 lun
904 3486 1035 3548 inerunt,
1053 3481 1105 3536 nisi

52 3567 157 3644 Aristippi
174 3585 201 3634 et
216 3577 350 3652 Epicuri,
380 3596 449 3650 quos
467 3580 566 3634 Cicero
582 3579 623 3632 ibi
642 3578 670 3633 in
689 3596 745 3634 una
762 3579 900 3634 sententia
919 3577 1015 3649 ponit3
1034 3573 1106 3628 ilio·

53 3673 173 3732 inopum
190 3673 272 3726 nulls
288 3678 388 3726 secuto
405 3675 432 3725 si
450 3669 579 3736 familis,
600 3671 760 3742 Carneades
778 3675 872 3726 nalem
892 3670 1006 3726 tertium
1023 3665 1105 3719 illam

51 3760 190 3816 itionum
206 3763 369 3835 disputandi
386 3779 485 3818 seuero
501 3769 703 3835 proposuerat,
721 3779 777 3818 non
794 3781 879 3836 qnam
898 3763 960 3832 ipre
976 3761 1106 3814 conmen-

52 3843 84 3895 lor
98 3853 201 3922 teneret,
219 3857 323 3910 nedum
340 3857 574 3911 Academicorum
592 3854 740 3927 disciplina
758 3859 787 3910 el
805 3861 892 3910 secta.
971 3837 976 3850 ¹

103 3957 213 4000 nme
231 3955 322 4004 men
339 3949 393 4012 dis,
412 3949 471 4024 pai)
490 3945 605 4003 Codices
623 3965 720 4003 ornnes
738 3948 782 4000 isis
801 3947 919 4012 Stoicis,
954 3945 1001 4020 qni
1021 3946 1107 4009 (unos

51 4023 153 4106 l'lrilippi
167 4037 275 4104 Tertii,
293 4041 410 4110 Ueneti,
447 4041 523 4112 apud
540 4041 618 4096 Han.
639 4040 776 4094 tamenin
794 4037 911 4102 Stoicis,
940 4037 1009 4106 pisi).
1044 4035 1104 4090 Non

51 4127 123 4184 itini
136 4130 192 4185 ullo
211 4134 295 4187 inodo
313 4133 383 4188 lruio
399 4133 644 4188 circumlocutioui
660 4132 736 4200 (lis,
761 4131 810 4205 pai
825 4129 910 4194 dm),
948 4125 1106 4197 quostiam

51 4223 129 4270 ‘torst
143 4221 313 4290 continetur,
349 4225 442 4298 iprum
459 4242 561 4281 nomen
580 4223 736 4296 interponi;
764 4222 805 4278 sie
822 4220 898 4276 eninr
917 4219 948 4273 lri
963 4219 1051 4272 Stoici
1070 4221 1106 4274 alr
1165 4213 1168 4220 ’

51 4301 100 4358 aliis
113 4310 271 4380 quibusdem
287 4317 390 4374 Stoicis
406 4318 597 4392 seiungentur.
633 4319 739 4372 llocern
758 4316 795 4370 ali
812 4313 965 4382 interprete
983 4309 1108 4368 additum
