2788 4886
481 321 738 392 PRAEFATlO.
1078 331 1168 402 xtx

72 516 147 594 nari,
166 515 198 579 is
221 513 307 580 mibi
328 514 574 601 perhumaniter
595 533 628 584 et
649 522 816 608 specimen
838 523 971 611 aliquod
992 529 1161 614 scriptume

71 622 184 686 codicis
206 643 227 686 e
252 621 342 687 libro
373 623 479 709 primo
510 637 691 707 eteorum,
731 649 802 716 quse
824 628 991 696 Uictorina
1014 635 1048 697 in
1072 656 1157 700 mar·

70 729 140 814 gine
160 725 314 816 exempli
333 728 530 796 Asceusiani
550 754 581 796 u.
602 735 683 798 1521
708 747 742 798 et
764 733 889 799 lentini
907 757 937 802 a.
958 739 1040 804 luno
1060 741 1162 806 adno-

73 845 160 915 taret,
169 837 262 900 misit
272 848 306 900 et
316 839 489 901 certiorem
499 859 552 902 me
564 838 658 918 iecit,
669 837 786 926 quibus
799 842 1044 910 condicionibus
1053 831 1159 912 codex

73 941 207 1006 conferri
227 954 263 1006 et
283 941 411 1010 Uictori
427 943 583 1008 adnotata
606 943 748 1010 describi
767 961 912 1032 possent.
959 949 1042 1027 Quas
1060 975 1158 1040 quom

74 1047 146 1112 nibi
166 1047 392 1136 placuissent,
437 1048 635 1116 Ualentinus
659 1050 825 1116 Seibelius
849 1054 1043 1142 descripsit,
1085 1083 1158 1147 quae

76 1151 235 1219 llirtorius
266 1156 303 1219 in
332 1156 481 1241 margine
502 1155 699 1222 Ascensiani
722 1159 870 1246 exempli
891 1181 1047 1248 posuerat
1068 1169 1159 1252 (nem

77 1259 179 1325 alteris
202 1261 369 1326 adnotatis
393 1283 504 1327 carere
520 1285 571 1328 me
596 1263 694 1330 iucile
715 1287 813 1349 posse
830 1271 1015 1354 putaram);
1039 1274 1156 1339 deinde

79 1367 165 1432 eiad
197 1389 320 1434 munus
355 1368 587 1435 scholasticum
615 1369 682 1436 alio
711 1369 788 1436 loco
816 1376 996 1460 gerendum
1019 1393 1157 1444 auocato

79 1469 123 1538 bl.
139 1473 219 1539 Otto
240 1477 276 1540 in
297 1473 361 1540 boc
382 1478 515 1564 negotio
539 1481 707 1544 successit.
771 1479 837 1546 Sed
859 1483 971 1548 nescio
993 1505 1058 1569 quo
1079 1507 1157 1552 cusu

81 1580 185 1647 isnou
208 1579 306 1647 illuns
328 1583 485 1664 codicem,
511 1584 569 1650 scd
583 1583 697 1665 alium,
720 1587 776 1672 qni
799 1589 859 1652 tris
882 1599 1007 1653 tentum
1030 1591 1158 1672 priores

80 1685 172 1754 libros
195 1687 405 1766 continebat,
427 1701 464 1754 ut
486 1711 531 1755 ex
555 1694 627 1777 ipsa
648 1694 817 1779 scripturae
840 1693 1050 1760 adnotatione
1073 1697 1157 1763 iudi·

79 1815 144 1860 cure
163 1817 316 1882 possum,
349 1795 610 1886 diligentissume
632 1797 784 1864 contulit.
830 1797 948 1866 Codex
970 1803 1042 1888 ipse
1064 1809 1156 1872 utin

78 1897 132 1966 illo
151 1923 273 1989 genere
297 1924 362 1968 nou
386 1903 602 1990 inprobabilis
625 1917 686 1970 est.

157 2007 220 2074 His
243 2007 411 2074 codicibus
432 2008 571 2076 conlatis
596 2011 628 2076 id
652 2032 726 2076 suns
750 2010 942 2092 adsecutus,
975 2025 1066 2078 utet
1090 2036 1156 2080 me·

75 2112 160 2179 lioris
180 2117 330 2202 codicum
354 2114 488 2181 familiae
508 2139 609 2182 uuum
633 2116 755 2182 saltem
778 2117 1000 2183 testimonium
1023 2117 1157 2205 plenum

78 2219 221 2286 haberem
245 2235 280 2286 et
296 2223 496 2288 deteriorum
521 2244 718 2288 consensum
736 2221 904 2288 declarare
923 2224 994 2290 lere
1015 2247 1157 2312 possem.

78 2323 222 2393 Aduessit
242 2327 296 2391 hia
309 2327 454 2392 uarietas
474 2331 644 2416 scripturae
655 2329 777 2395 codicis
799 2352 819 2396 u
840 2331 880 2396 P.
895 2329 1042 2396 Uictorio
1059 2335 1093 2397 in
1115 2331 1156 2398 il·

77 2429 152 2514 lius,
194 2434 284 2522 qnod
307 2435 399 2514 dixi,
440 2434 585 2522 exempli
616 2435 813 2501 Ascensiaui
837 2429 984 2524 margine
1009 2439 1050 2504 ud
1073 2439 1156 2504 duos

75 2541 189 2624 prinus
211 2538 317 2606 libros
342 2541 495 2629 ascripta,
516 2542 556 2607 de
578 2563 643 2629 quo
667 2543 778 2608 codice
801 2545 872 2631 ipsc
893 2545 935 2609 ad
957 2541 1056 2610 linem
1078 2544 1156 2613 libri

75 2649 202 2713 smodi
227 2645 297 2713 brec
320 2650 448 2736 posuit:
492 2643 646 2712 ’'Contuli
675 2627 861 2735 super-idrus
886 2649 967 2714 duos
989 2649 1093 2716 libros
1116 2653 1156 2718 da

74 2757 205 2824 linibus
227 2776 302 2823 cum
333 2754 404 2820 cod.
429 2775 527 2820 menn
550 2755 672 2842 scripto
696 2775 715 2818 e
738 2753 939 2822 bibliothece
960 2756 1031 2822 diui
1051 2755 1158 2822 Marci

75 2864 180 2929 multis
220 2863 348 2929 mendis
387 2861 548 2941 scatenti,
594 2859 728 2947 fereque
764 2863 874 2928 omnia
913 2865 1013 2927 etium
1049 2867 1157 2948 primo

73 2983 202 3058 aspectu
222 2989 337 3058 perum
353 2967 493 3054 probata
515 2969 638 3032 notaui.
685 2965 739 3032 Tu
759 2990 799 3032 ea
822 2971 933 3036 omuia
952 2967 1015 3032 tibi
1035 2991 1157 3050 sesnes,

73 3097 139 3162 pu:
163 3097 347 3165 congruere
369 3077 593 3162 castigatoque
622 3093 696 3140 esse
725 3072 942 3156 uidebuntur,
986 3095 1158 3162 meamque

72 3183 274 3272 diligentiam
297 3205 339 3247 ne
367 3181 522 3250 damnes:
566 3183 596 3244 si
618 3180 738 3244 inisset
757 3183 843 3246 enim
869 3183 962 3268 copia
984 3180 1157 3248 meliorum

73 3291 238 3370 codicum,
282 3286 368 3353 huuc
395 3287 543 3374 prolecto
574 3284 788 3366 abiecissesn,
829 3307 916 3352 nunc
948 3309 1020 3352 cum
1041 3310 1157 3372 parum

74 3393 283 3460 enolsnenti
305 3415 351 3460 ex
375 3416 416 3460 eo
437 3415 556 3480 capere
578 3391 661 3459 milti
685 3391 840 3473 uidebar,
886 3393 939 3458 bic
962 3391 1062 3460 finem
1081 3417 1164 3460 con-1

73 3503 156 3566 stitui
177 3499 389 3566 conlationis.
435 3500 473 3564 Ρ.
489 3499 686 3568 Uictorius.”
728 3499 837 3564 Huius
861 3499 1057 3566 conlationis
1078 3501 1158 3567 mihi

75 3609 115 3671 siu
132 3608 326 3690 descripta,
371 3616 408 3669 ut
431 3607 530 3670 etiam
553 3606 757 3671 Ascensiaua
779 3607 957 3690 scriptura,
979 3629 998 3671 n
1020 3629 1084 3693 qua
1106 3630 1159 3673 co·

75 3711 135 3777 dex
155 3713 364 3794 discederet,
393 3712 626 3791 adnotaretur,
671 3732 734 3797 ego
754 3723 868 3775 contra
897 3711 931 3775 id
960 3716 1159 3792 institutum,

74 3819 153 3906 qnod
180 3821 279 3906 sequi
301 3819 415 3898 soleo,
461 3817 623 3884 delectum
646 3818 709 3882 leci
732 3827 785 3899 et,
810 3839 880 3904 quae
904 3817 1078 3885 utilitatem
1103 3819 1159 3884 he·

74 3921 145 3991 bere
167 3924 389 4007 uidebantur,
432 3927 466 3990 in
489 3926 575 3991 uotis
608 3925 716 4010 posui,
741 3925 936 3990 necessariis
960 3927 1000 3990 de
1025 3927 1160 3990 caussis.

74 4027 214 4098 Primum
238 4045 365 4097 tantum
382 4029 467 4111 fere
495 4035 605 4095 omniu
625 4027 793 4097 Uictorina
815 4051 851 4095 se
875 4031 1049 4095 adnotasse
1069 4031 1163 4104 dictu

76 4133 176 4204 babeo
203 4151 314 4204 eutem
340 4158 553 4227 persuasum,
576 4159 651 4202 eum
675 4158 791 4202 uersus
815 4133 916 4202 finem
940 4136 1043 4204 multo
1067 4135 1161 4227 plura

77 4245 225 4309 outone
257 4267 357 4332 quam
384 4247 500 4324 initio;
545 4267 620 4312 nam
648 4231 817 4332 scripturn
845 4245 880 4308 iu
904 4255 1027 4326 septem
1047 4247 1162 4332 primis

77 4353 202 4437 paginis
224 4365 366 4418 enotatas
388 4354 429 4420 ad
455 4375 533 4435 aas,
573 4374 645 4440 quse
667 4355 702 4416 in
725 4361 849 4436 septam
881 4358 1056 4436 postremis
1085 4373 1164 4416 eno-

925 4463 966 4526 u*
1107 4469 1110 4482 ¹
