2728 4878
229 287 273 349 Μ
581 279 642 347 DE
663 277 840 348 FINIBUS
863 279 966 346 BON.

233 476 300 542 leat
320 497 412 556 ease,
444 489 478 538 ut
501 477 571 540 eiua
594 475 850 562 magnitudinem
875 474 1046 552 calaritan,
1075 475 1314 540 diuturnitatem

233 582 398 648 adleuatio
426 581 623 648 consoletur.
665 585 717 646 tl.
742 581 794 648 Ad
820 603 859 646 ea
879 601 976 667 quom
1001 582 1140 660 adnedit‚
1162 595 1197 646 ut
1215 601 1316 668 aeque

233 691 380 754 diuinum
414 712 532 754 numen
561 690 692 754 horreat
721 711 781 754 nen
810 687 1004 776 praeteritae
1042 686 1227 775 uoluptates
1261 711 1315 751 ec·

234 795 336 860 fluere
369 798 529 881 patiatur,
571 817 748 881 earumque
770 797 902 860 assidua
925 793 1151 858 recordatione
1171 794 1318 870 laetetur,

235 902 310 986 quid
335 914 404 980 eat,
449 902 532 987 quod
556 901 619 966 huo
641 904 763 985 possit,
805 899 888 987 quod
913 898 1031 963 melina
1055 901 1115 980 ait,
1143 899 1318 965 adroderet

288 1095 324 1150 at)
337 1094 397 1141 etii
438 1093 564 1148 adleuatio)
577 1093 687 1140 eierratte
702 1093 743 1138 ΒΟ
803 1093 837 1138 ti.
852 1091 906 1147 ima)
919 1093 980 1138 tertie
995 1091 1064 1138 arca
1078 1093 1172 1140 itania
1200 1095 1319 1146 adtederrt

236 1171 388 1218 renidere!

154 1392 159 1400 .
236 1345 312 1414 teti,
333 1350 379 1410 11,
396 1341 433 1396 Η
450 1350 478 1397 et
495 1342 546 1408 tt,
564 1343 649 1396 Tuae.
669 1346 701 1408 V,
719 1342 764 1398 88.
800 1341 978 1398 {inanitatem
996 1343 1078 1398 iiiam
1096 1339 1227 1415 grauiam
1243 1345 1321 1396 dein·

237 1455 300 1491 ram
317 1451 394 1490 mora
412 1435 576 1490 adferebatt
613 1431 643 1490 ai
665 1431 778 1507 nardina
800 1434 880 1492 πόνοι
901 1432 1037 1506 συντόμως
1062 1431 1215 1506 ἐξάγουσιν,
1248 1431 1274 1488 α’
1294 1429 1320 1488 dr

238 1527 338 1599 χρόνιοι
355 1529 472 1599 μέγεθος
489 1521 534 1582 oria
553 1526 664 1594 i'zoeatr.
700 1528 777 1584 Pint.
797 1529 832 1580 de
847 1529 913 1582 aad.
930 1533 1006 1600 poet·
1027 1547 1051 1584 e.
1072 1529 1111 1600 lt,
1124 1547 1153 1598 p.
1173 1527 1209 1582 86
1226 1529 1258 1584 Β.

309 1627 340 1673 ut
357 1620 415 1672 eiua
433 1619 665 1689 magnitudinem)
685 1627 712 1672 at
732 1619 818 1674 otiam
838 1617 913 1690 Spir.
930 1627 958 1675 et
975 1621 1049 1674 (iad.
1069 1620 1105 1686 23
1138 1619 1319 1674 aeneaaariunr

239 1719 280 1778 ai,
297 1729 353 1782 quo
372 1711 560 1783 aigniiicainr‚
581 1728 612 1764 ex
632 1711 685 1764 iiia
704 1711 810 1765 dolnrir
828 1720 930 1766 natura
955 1713 1030 1768 irene
1049 1713 1139 1784 repeti
1156 1712 1319 1766 enaaoiatie-

236 1822 314 1859 narn.
349 1804 476 1858 Etutam
494 1801 589 1856 ’'bini’'
609 1803 663 1856 Gai
687 1804 777 1870 (altar
788 1805 875 1872 Era),
894 1807 966 1875 quod
986 1806 1078 1875 potina
1096 1821 1130 1858 er
1143 1821 1239 1860 errare
1255 1803 1318 1857 arri-

239 1898 342 1951 barunr
369 1896 398 1950 in
416 1895 560 1967 eoepoaito
586 1892 700 1948 nomine
719 1910 804 1966 quara
832 1913 865 1949 ea
884 1897 1006 1968 aimpiioi
1025 1899 1156 1964 (iermtr'n)
1175 1905 1268 1952 ortum
1287 1905 1319 1950 at.

241 1990 370 2044 Eieuatio
388 1991 449 2063 ipae
468 1989 539 2043 nihii
558 1989 593 2043 ad
612 1990 687 2042 hune
705 1987 811 2042 locum.
948 1980 950 1986 ’

309 2084 353 2137 al.
389 2100 477 2156 neque
494 2082 616 2135 diuinum
634 2097 731 2134 uomere
749 2081 873 2150 horreat)
911 2083 985 2152 quod
1002 2082 1031 2136 di
1048 2084 1189 2138 humanae
1206 2101 1252 2138 rea
1269 2100 1319 2136 noa

241 2181 341 2230 nerent
359 2193 450 2246 neque
467 2175 501 2229 iia
518 2175 586 2230 irati
605 2172 760 2243 offenaique
779 2172 989 2230 inmiaoaantnr.
1045 2175 1106 2230 nit.
1117 2173 1196 2247 Epio.
1215 2183 1321 2229 reaten·

240 2267 283 2322 riu
298 2267 391 2338 prima
410 2268 504 2338 (iiiog.
521 2267 561 2330 X,
581 2265 658 2333 139),
676 2264 689 2316 1
707 2265 741 2318 N.
760 2266 794 2320 Ι).
814 2267 849 2320 dd
865 2285 924 2340 aqq.
933 2304 944 2330 ‚
962 2273 1028 2324 cett.

219 2355 222 2360 Α
309 2377 397 2433 aeque
413 2360 575 2429 praeteritae
589 2357 748 2424 naiaptniea
766 2359 884 2422 aestuare
906 2361 1048 2429 potiatur)
1086 2361 1169 2414 Hane
1193 2361 1320 2430 uolupta-

241 2457 303 2506 tum
321 2453 489 2506 memoriam
507 2451 671 2522 Torquatna
698 2459 892 2505 conmemorat
918 2450 1004 2506 etiam
1028 2452 1065 2508 tn
1083 2459 1112 2506 at
1127 2451 1180 2517 ⁶¹3
1217 2453 1269 2506 eir.
1288 2457 1321 2511 li,

242 2543 294 2597 let
311 2548 339 2595 et
356 2542 417 2608 loa,
435 2544 520 2596 Tuae.
541 2544 582 2606 V,
601 2541 646 2606 att,
666 2540 764 2597 Senon.
784 2541 819 2596 da
837 2543 889 2598 nit.
904 2545 990 2599 beata
1006 2545 1032 2600 d.
1070 2545 1094 2598 E
1114 2545 1219 2598 (denaia
1236 2541 1321 2598 adtir-

242 2633 285 2704 git
301 2631 383 2705 Βίης.
402 2631 494 2688 Ladrt.
512 2635 561 2696 X,
580 2631 698 2698 lamet,
734 2635 769 2687 do
786 2635 949 2706 Gyrenainia
967 2637 1079 2702 dinena,
1103 2637 1147 2698 11,
1172 2635 1224 2690 aaz
1261 2631 1324 2690 itta·

242 2721 297 2793 μῆν
313 2719 372 2778 eddi
390 2719 459 2778 nord
475 2723 584 2795 μνήμην
600 2721 653 2780 ruia
669 2719 784 2796 ἀγαθῶν
799 2721 816 2795 ἢ
832 2724 996 2802 προσδυκίαν
1013 2725 1109 2800 ἡδονήν
1126 2747 1210 2800 φασιν
1226 2725 1319 2783 tinore-

244 2813 370 2880 λεῖσθαι,
395 2811 460 2888 ὅπερ
478 2812 589 2888 doenum
604 2811 765 2892 Ἔπικοῦρφ.
794 2820 888 2889 Quom
909 2823 1042 2891 uoluptaa
1064 2819 1168 2888 animi,
1204 2821 1252 2890 qni
1270 2821 1322 2889 ipae

224 2923 396 2982 torporem
416 2915 492 2975 eret,
527 2927 562 2964 ex
586 2910 745 2964 adiectione
763 2913 889 2982 cornaria
907 2909 1067 2968 neeeaaaria
1083 2913 1205 2984 quadam
1224 2913 1255 2966 ni
1272 2910 1322 2966 ori·

244 3009 339 3069 retur,
358 3004 537 3074 quarendum
556 3001 669 3057 uidetur
687 3003 784 3069 tutuno,
804 3005 850 3075 qui
869 3011 963 3075 pneaei
980 3006 1119 3060 memoria
1137 3003 1262 3076 eorporis
1281 3009 1323 3056 aut

244 3095 330 3151 eiiam
348 3094 436 3150 animi
453 3095 532 3166 priua
551 3094 634 3150 aditor
652 3095 758 3150 adiecti
775 3097 834 3150 uim
851 3099 942 3151 rriiam
961 3099 1069 3151 habere
1094 3099 1129 3152 ad
1155 3113 1222 3151 eam
1248 3097 1322 3150 adie-

244 3184 366 3240 ctionem
384 3188 511 3257 eorporia
528 3195 557 3242 et
574 3195 689 3260 propter
706 3188 735 3242 id
753 3189 858 3255 animi,
884 3207 944 3260 qun
961 3207 1034 3244 onae
1052 3195 1142 3256 emet,
1159 3191 1324 3244 mutandam.

245 3277 301 3332 Sed
319 3279 458 3349 Epicurus
476 3281 531 3334 hoo
549 3281 585 3333 de
602 3282 739 3336 memoria
755 3284 978 3350 pantomimum,
1014 3301 1064 3354 ape
1082 3283 1264 3346 futurorum,
1299 3287 1325 3328 ut

245 3369 313 3435 alia,
332 3387 366 3423 ex
383 3371 526 3425 commoni
541 3374 662 3442 quadam
682 3373 814 3445 opinione
832 3375 984 3446 disciplina
1002 3375 1150 3430 addiderat
1165 3377 1326 3428 exornatae!

247 3468 339 3517 aneta.

316 3555 389 3628 quod
407 3555 460 3610 irae
475 3558 565 3626 poerit
582 3583 616 3602 -
634 3559 781 3626 odeedere)
807 3557 1047 3629 antequanm,
1065 3559 1244 3624 iniuideam,
1261 3555 1327 3613 Pali·

246 3649 400 3714 habebant,
420 3665 435 3702 e
453 3647 613 3703 Dauiaiaoie
631 3649 718 3716 Med„
737 3651 832 3716 Bata,
850 3652 896 3705 ΕΙ.
916 3651 950 3718 1,
970 3652 1000 3704 G.
1025 3653 1055 3706 c.
1074 3651 1124 3718 0.,
1145 3652 1216 3706 Otr.
1234 3663 1325 3704 arnae·

210 3759 213 3766 ·
245 3739 288 3811 (id
307 3747 364 3808 eat,
388 3747 446 3795 trea
463 3747 564 3813 preter
581 3743 651 3795 dnoa
669 3743 798 3809 veniri),
817 3743 880 3796 iriae
897 3745 972 3798 (ind.
990 3742 1009 3797 2
1028 3750 1056 3798 et
1075 3745 1139 3799 Bar.
1185 3741 1250 3796 Hae
1266 3755 1325 3814 pra·

247 3836 340 3889 fertur
354 3833 439 3888 etiam
457 3849 473 3886 e
491 3832 565 3903 spir.
587 3839 616 3887 et
632 3833 742 3888 dnobaa
760 3835 834 3889 Pali.
861 3836 937 3889 Tum
957 3838 1092 3891 adcedam
1111 3838 1173 3890 iere
1190 3831 1328 3890 Laterani.

247 3927 324 3984 Pali.
340 3944 453 3990 amaea,
479 3923 578 3980 liauiai
595 3927 696 3980 aaltorn
719 3927 780 3994 iiii,
804 3943 872 3999 quoa
890 3929 965 3996 dixi,
989 3931 1077 3995 Orto,
1096 3935 1212 4002 excepto
1231 3928 1263 3994 ξ,
1282 3921 1327 3978 (iai

249 4019 322 4074 flod.
342 4017 360 4072 2
378 4025 407 4073 et
424 4015 602 4089 ''plerique”
640 4019 771 4073 Accidere
787 4021 874 4074 etiarn
895 4021 969 4092 Spin.
997 4022 1046 4088 (de
1072 4020 1185 4076 reiiouia
1209 4013 1328 4075 metiari·

248 4111 452 4180 hortatatur).
491 4111 657 4165 Tenendum
676 4110 788 4166 uidetur
807 4113 879 4178 duc,
899 4115 972 4181 quod
991 4112 1079 4168 trahit
1098 4114 1251 4177 adriderer
1284 4123 1328 4161 eta

250 4203 374 4256 occidere
391 4210 487 4276 aptum
505 4205 560 4259 hoa
584 4203 697 4275 qnidam
724 4206 787 4259 ioco
811 4205 940 4270 uidetur,
978 4205 1014 4259 de
1039 4207 1154 4260 enmnio
1179 4199 1326 4259 felicitatis.

252 4290 393 4358 0iieuaia,
422 4314 481 4365 qua
499 4306 525 4352 at
544 4299 571 4353 ia
591 4298 701 4352 adcedit
720 4304 748 4352 et
767 4299 917 4362 adcedrre',
956 4315 1009 4352 non
1029 4299 1128 4356 durior
1147 4307 1189 4354 eet
1207 4313 1290 4371 qnam
1305 4295 1326 4341 ΙΙ
