2728 4878
311 275 369 342 ET
392 275 501 342 MAL.
523 272 607 341 ΗΒ.
633 275 645 340 1
670 273 765 340 CAP.
786 279 838 340 2⁰.
1070 280 1130 342 tao

63 476 233 562 expediunt.
280 471 326 538 Ut
348 475 434 537 enim
458 473 617 550 uirtutcS,
649 472 689 536 de
712 471 829 557 quibua
852 482 928 536 ante
946 471 1132 552 dictumtat,

63 585 99 646 ric
118 581 289 660 amicitiam
315 591 437 666 negant
460 601 557 664 posse
580 602 600 642 a
623 577 793 664 uoluptate
816 577 992 642 discedere.
1043 577 1130 644 Nam

64 711 143 774 quom
165 685 308 752 solitudo
340 697 372 750 et
402 687 473 748 uita
502 687 573 750 sinc
601 687 714 749 amicis
738 684 929 748 insidiarum
961 698 994 750 et
1024 699 1130 750 metor

63 795 144 876 plena
164 797 223 872 sit,
250 795 336 856 ratio
360 793 432 877 ipsa
456 806 567 856 monet
588 793 748 856 amicitiae
771 811 969 875 conparare,
1012 791 1130 879 quibus

64 903 148 986 partia
177 896 387 964 confirmatur
416 899 544 962 animus
576 915 608 962 et
642 922 661 963 a
687 919 746 982 spe
777 899 1004 983 pariendarum
1034 899 1131 963 uolu-

63 1021 168 1090 ptatum
190 1007 322 1090 seiungi
345 1026 410 1068 non
435 1017 552 1089 potest.
597 1007 650 1068 aa.
675 1005 784 1090 Atque
808 1018 844 1069 ut
866 1006 953 1085 odia,
975 1007 1130 1092 inuidiae,

63 1113 282 1197 despicationes
307 1111 522 1175 aduersantur
543 1109 788 1197 uoluptatibus,
811 1113 859 1177 aio
882 1113 1044 1177 amicitiae
1064 1133 1130 1176 non

65 1219 145 1282 modo
162 1219 315 1282 fautrices
342 1215 584 1296 fidelissumae,
626 1219 685 1281 aed
714 1221 812 1284 etiam
846 1219 1034 1283 eotactrices
1056 1231 1131 1281 suot

65 1324 250 1410 uoluptatum
273 1337 338 1388 tam
366 1325 499 1402 anticio,
542 1346 636 1409 quam
661 1322 744 1402 sibi3
794 1321 912 1409 quibua
934 1345 999 1388 non
1023 1321 1130 1386 solum

66 1427 271 1514 praesentibus
293 1431 464 1505 fruantur,
512 1429 568 1492 aad
594 1431 692 1492 etiam
723 1450 780 1514 spe
813 1432 983 1515 eriguntur
1017 1451 1131 1492 conse·

107 1595 207 1650 uinatcr)
220 1594 339 1638 amorii
409 1595 473 1648 eote)
488 1601 563 1638 antea
576 1595 597 1639 E
611 1596 720 1652 raptata
791 1607 857 1652 pocae
871 1607 887 1640 a
900 1597 955 1650 aot.)
969 1610 985 1640 a
999 1597 1048 1642 aot.
1058 1608 1130 1653 pocae

68 1671 140 1716 tacta
162 1671 318 1724 confirmator)
336 1671 528 1724 confimatarss
557 1677 581 1716 et
594 1686 608 1716 ι
623 1675 672 1731 ape)
688 1675 797 1727 adoperta
810 1672 869 1716 eta
923 1673 959 1717 61.
973 1672 1076 1726 inuidia)
1091 1673 1130 1716 tu·

67 1751 123 1792 m'dia
135 1749 214 1794 arca
242 1745 390 1798 afcctrtoea)
405 1747 595 1801 esjtcatrtrerti
623 1748 786 1804 praeentiam)
799 1749 961 1804 proptreass

69 1919 138 1971 pocta
165 1921 285 1958 errorem
319 1917 402 1974 quom
434 1901 548 1970 quidam
582 1899 761 1970 iamdictam,
805 1906 953 1960 haeeroot.
1005 1907 1131 1961 Tantum

69 1997 149 2064 poatto
166 1995 261 2050 durior
287 1996 320 2048 tit
345 1992 473 2048 relatiua
492 2000 520 2046 at
538 1993 764 2050 demoortratioo
781 1997 925 2052 eontentio
942 1998 1132 2068 tranopoaitio,

69 2089 126 2156 quod
143 2105 207 2144 aare
224 2087 251 2142 ia
273 2089 347 2142 hanc
365 2085 605 2158 ambiguitatem,
624 2084 646 2137 ei
665 2103 720 2158 qua
739 2095 773 2148 rt,
792 2085 920 2144 incurrit.
1063 2090 1067 2098 ’

122 2183 304 2250 confirmatur)
324 2181 500 2248 confirmetur
518 2177 603 2232 etiam
625 2177 699 2232 (iud.
719 2179 751 2244 Ἃ,
782 2181 855 2249 quod
875 2198 926 2251 per
943 2197 972 2234 ac
990 2182 1024 2234 de
1042 2183 1133 2237 conai-

68 2275 98 2328 tio
113 2273 231 2346 intellegi
250 2279 378 2345 poterat,
407 2271 456 2324 aad
475 2271 569 2326 obstat
584 2276 686 2338 proteat.
717 2271 789 2326 Nam
809 2273 894 2334 Otto,
913 2272 959 2344 qui
978 2273 1006 2328 ia
1025 2274 1085 2330 hire
1105 2283 1132 2329 ct

70 2385 134 2435 rape
146 2395 184 2410 -
200 2385 251 2420 aaa
267 2372 359 2436 pateat
377 2362 467 2418 audiri
485 2381 565 2433 pone
583 2370 663 2434 putat
687 2363 844 2418 cubicetum
863 2366 1004 2431 amicitia,
1041 2385 1132 2440 nequa

69 2459 183 2512 antiocia
199 2460 321 2514 formam
341 2473 431 2529 nequa
449 2454 616 2510 sententiam
636 2463 732 2522 curat3
763 2458 881 2528 adparet
902 2457 977 2512 roim
995 2460 1050 2514 troc
1067 2459 1132 2528 dici,

70 2553 137 2616 partit
152 2551 282 2606 amicitiir
301 2568 335 2604 ea
354 2549 444 2614 cedei,
462 2566 520 2620 qua
540 2547 683 2620 proporita
701 2548 765 2602 rint.

122 2663 194 2715 pean
213 2644 279 2708 aidi)
297 2643 358 2697 Noa
378 2659 446 2696 caue
464 2641 609 2706 aptatam
639 2642 688 2694 rod
707 2641 872 2696 reflarioom
890 2643 1014 2708 refertor
1033 2646 1068 2698 ad
1087 2648 1131 2700 ta-

71 2742 152 2790 tcatrm
168 2753 294 2807 perrona
311 2732 421 2806 agentia
439 2731 590 2798 notionem,
610 2739 640 2786 ot
658 2734 710 2786 rit:
730 2735 814 2786 ciocm
832 2735 932 2797 radiat,
951 2739 1133 2808 quemadmo-

71 2828 137 2894 dom,
166 2847 254 2900 quom
274 2826 348 2882 actio
368 2827 466 2897 aliqua
493 2823 631 2880 infinitioo
650 2825 809 2896 significate
837 2832 881 2887 rt,
917 2830 998 2882 nulla
1017 2829 1134 2885 definita

72 2937 182 2986 parrona,
220 2921 248 2975 in
268 2917 413 2974 contentiia
431 2915 544 2973 adnexis
570 2917 610 2972 aio
629 2918 735 2972 utimur
754 2917 835 2972 tioita
854 2917 934 2972 uerti
955 2920 1066 2983 forma,
1104 2927 1134 2976 ut

72 3012 149 3079 adipata
162 3013 254 3070 oodiri
273 3013 384 3066 dicator
403 3012 570 3082 (Wopkens.
589 3011 679 3065 Leott·
697 3011 777 3064 Tuti.
795 3029 823 3083 p.
840 3009 875 3072 2,
904 3011 1043 3082 Heaaiog.
1064 3030 1134 3081 pra·

72 3101 390 3174 recitatorem.
414 3103 463 3168 ⁴⁵,
498 3104 581 3158 Beier
598 3105 634 3158 ad
652 3104 706 3159 ΟΠ.
728 3103 742 3156 l
763 3102 875 3172 pato,
916 3103 989 3172 Hp.
1007 3101 1133 3170 rotro).

74 3193 156 3252 Eodem
173 3200 258 3254 modo
277 3195 379 3251 dicitur
397 3195 473 3248 intro
491 3203 532 3260 11,
568 3195 619 3250 782
652 3201 790 3248 emarcet
816 3195 887 3248 uelle
916 3194 992 3246 dorric
1018 3194 1135 3263 aliquem

73 3287 232 3361 adfieipoma
252 3290 404 3353 maxumis,
439 3287 520 3342 otiam
541 3289 567 3340 ai
583 3289 620 3341 ad
638 3295 674 3340 a'c
693 3287 762 3338 uidit
784 3303 816 3338 cr
833 3286 999 3349 iiarcdeot3
1034 3288 1069 3340 da
1087 3293 1135 3340 to·
1210 3283 1215 3288 ’

73 3391 130 3437 atat.
150 3385 179 3448 l,
202 3386 256 3440 97:
295 3381 401 3446 oratic,
427 3397 486 3452 paoe
504 3387 553 3432 out
572 3381 616 3432 aui
632 3380 741 3432 laudem
760 3386 810 3432 oct
828 3379 975 3431 aduersari
991 3380 1131 3449 uitupera-

74 3469 148 3526 tt'mem
166 3477 311 3528 contiueat.
364 3472 509 3528 interdum
531 3489 582 3543 pro
601 3470 737 3525 retiariae
755 3472 869 3543 ponitur
888 3472 963 3540 ipae,
1001 3479 1032 3525 ut
1045 3474 1133 3543 [regg.

74 3561 99 3624 ΙΙ,
114 3565 157 3619 55:
177 3569 233 3622 an
252 3566 354 3636 (terias
373 3565 521 3628 denicatia)
541 3566 567 3617 rit
587 3581 632 3616 coa
651 3564 710 3616 dica
727 3565 851 3629 conserte
870 3565 930 3629 iat,
949 3569 980 3616 ut
999 3581 1032 3616 ac
1048 3565 1136 3633 ipatus

72 3653 140 3714 itioca
162 3662 261 3725 coibat)
288 3677 356 3712 oeae
382 3659 500 3726 publice
522 3657 603 3721 scria
635 3658 707 3730 εἰπε]
742 3655 978 3726 wyttenbachius
1010 3657 1136 3710 malebat

73 3751 148 3818 interp
166 3751 221 3805 itt.
240 3753 265 3816 1,
281 3753 335 3806 562
372 3767 501 3804 summam
518 3749 614 3800 donum
633 3755 658 3800 at
677 3777 710 3787 -
728 3755 856 3802 acturam
874 3748 966 3817 aequi,
987 3775 1018 3790 ·-
1038 3749 1067 3801 id
1086 3755 1136 3812 cat,

72 3841 139 3906 pta,
155 3853 284 3913 pacatam
303 3845 331 3898 io
351 3845 362 3896 i
369 3861 435 3913 pao
454 3845 508 3904 ait,
545 3843 756 3910 pretermittere
774 3841 838 3906 aa,
857 3859 908 3913 pro
930 3841 1012 3894 Batti.
1030 3838 1062 3892 22
1085 3840 1136 3890 Ni-

72 3931 102 3980 at
116 3953 232 4006 ammom
250 3937 367 4000 audiui,
406 3937 478 4004 qaod
494 3935 562 3988 mitt
579 3935 612 3988 dc
631 3935 689 3988 iare
708 3935 834 3988 nutatim
861 3933 917 3988 dici
942 3931 1086 3984 uideretur
1104 3959 1137 3970 -

71 4024 125 4076 aaa
141 4029 171 4080 dc
188 4029 346 4098 republica
364 4028 504 4098 graciae,
523 4027 593 4080 aridii
611 4027 644 4081 dc
662 4029 722 4096 ipro
740 4025 782 4095 (id
800 4033 857 4091 cat,
879 4027 913 4078 dc
934 4024 993 4094 ipso
1012 4022 1136 4092 dicento)

71 4117 214 4182 ardentium
232 4120 404 4175 Garatooioa
422 4122 565 4174 malabata
602 4120 636 4174 da
654 4137 683 4173 ae
702 4120 778 4188 ipro,
815 4115 1052 4190 quemadmodum
1073 4123 1085 4169 1
1103 4119 1137 4172 da

72 4205 164 4264 laceat.
186 4212 238 4277 ao,
275 4213 327 4266 ubi
352 4213 449 4268 itidem
468 4214 557 4283 iprum
577 4219 618 4267 eat
634 4213 722 4283 ipsam
741 4213 888 4274 dicentem,
926 4208 1019 4273 (cincti
1038 4211 1138 4277 coibat)

73 4298 140 4356 tanta
163 4312 188 4359 et
204 4306 310 4362 Lbioua
329 4323 358 4362 ac
375 4308 463 4376 ipram
484 4306 641 4361 ediderunt.
