2788 4886
439 271 694 344 PRAEFATIO.
1002 277 1119 348 txttt

56 464 251 552 terriprtoro
271 461 411 546 primum
435 460 592 548 adparet,
636 462 672 526 in
692 459 779 528 libro
804 472 921 549 quarto
944 473 978 528 et
1005 463 1120 550 quinto

56 589 156 658 urget
172 591 218 638 ox
237 579 331 654 parte
351 567 485 637 wem
503 589 559 634 reu
582 569 718 636 tractari
736 579 771 634 et
792 565 844 634 bin
865 570 956 654 puni,
976 571 1120 653 primun

56 690 83 741 rt
98 697 164 742 cau
185 675 306 744 Stoicis
332 673 402 742 hec
425 685 655 760 conparentur,
678 674 798 744 deiude
820 695 879 764 par
899 695 949 741 ne.
985 675 1120 744 Deinde

56 781 109 848 hec
125 785 225 848 omnin
240 783 326 846 ratio
343 781 424 848 eice
441 779 602 848 Cicerone
621 792 790 862 tractatur,
808 793 846 846 ut
859 784 967 868 tangit
984 803 1120 850 nummu

56 891 198 956 mutentite
215 900 426 976 exponantur
444 900 478 952 et
497 889 702 976 argumentis
722 886 955 955 concludentis
974 891 1059 957 inter
1082 911 1121 956 ne

58 1009 260 1084 conparentur,
282 1016 380 1083 quarn
402 991 486 1060 illud
508 1007 691 1083 queratur,
713 993 875 1080 quomodo
898 998 1004 1084 prima
1025 999 1121 1064 initia

59 1105 199 1170 nodorum
219 1100 403 1170 ethicamm
426 1103 462 1166 iu
480 1100 623 1187 cinguli·
651 1099 775 1168 rotoltr
806 1105 955 1168 oriantur
985 1115 1020 1168 et
1045 1125 1121 1170 enm

59 1209 158 1277 relicua
177 1209 326 1276 doctrina
350 1207 392 1273 de
415 1207 477 1273 den
498 1221 532 1274 et
561 1207 681 1274 mundo
712 1207 909 1276 cohereant·
979 1209 1120 1299 Exque

62 1312 90 1378 it
102 1317 199 1394 etiem,
217 1328 254 1380 nt
270 1315 508 1382 sententiarum
525 1317 578 1380 nie
592 1329 690 1402 atque
708 1317 892 1404 propriata·
911 1314 1025 1386 tnjlta
1043 1339 1120 1384 eon·

62 1425 201 1506 paratione
220 1443 289 1488 nen
310 1424 392 1488 antia
413 1421 710 1498 animaduertatun
730 1420 824 1488 uelut
841 1424 876 1486 itt
896 1424 1012 1508 quinto
1034 1422 1121 1491 libra

62 1525 194 1596 Antiocho
215 1526 381 1608 obicitur,
410 1529 613 1594 constantine
636 1528 766 1594 Stoicae
789 1529 970 1610 eapientem
991 1549 1122 1618 temper

64 1631 165 1702 bermar
183 1657 254 1702 eece
279 1635 402 1716 dicere,
432 1635 490 1722 qui
511 1631 594 1700 nihil
616 1646 732 1720 preter
754 1635 871 1700 uitium
894 1637 929 1700 in
951 1635 1048 1704 maiia
1069 1659 1122 1704 re·

63 1737 197 1828 linquant,
217 1755 320 1830 atque
341 1743 377 1807 in
400 1739 463 1806 irae
484 1741 674 1808 constantine
694 1742 992 1808 conmemoratione
1015 1745 1122 1810 omnic

65 1849 230 1914 mncnrnitur
247 1849 378 1924 oratio;
398 1845 493 1926 ittut,
514 1847 599 1933 qued
621 1859 718 1931 eaput
739 1860 822 1928 eret,
842 1869 908 1914 uon
930 1849 1121 1936 adtingitur,

66 1949 172 2038 deiprr
187 1952 262 2022 boni
287 1956 435 2034 notione,
456 1975 553 2042 quatu
577 1953 682 2020 Stoici
704 1965 806 2020 totam
829 1956 864 2020 in
888 1953 1039 2022 humente
1062 1977 1121 2022 ao-

65 2053 170 2126 lontrtir
205 2062 421 2128 fundamento
450 2060 706 2139 conmitterent,
747 2059 854 2146 deque
893 2058 999 2126 benere
1033 2063 1121 2126 uitae.

65 2162 159 2232 Uerun
185 2166 250 2234 hec
277 2167 400 2256 partim
426 2167 494 2232 iera
523 2185 544 2232 a
575 2163 802 2254 unperioribm
830 2167 940 2232 minut
970 2166 1124 2233 dictincta

66 2269 304 2358 explicabantur,
348 2275 405 2361 qui
426 2269 615 2341 scholarum
647 2272 799 2350 decreta,
842 2285 879 2338 ut
903 2270 1007 2340 semel
1029 2285 1124 2338 erent

68 2382 217 2464 mumma,
236 2377 437 2457 seruabant,
458 2381 579 2465 partim
603 2376 644 2445 ab
671 2377 835 2446 Antiocho
859 2379 996 2446 eonium
1019 2393 1124 2445 erant.

67 2479 153 2572 ltaque
173 2485 235 2554 hec
257 2507 282 2552 a
304 2484 478 2564 Cicerone,
501 2487 556 2572 qui
576 2505 637 2551 nno
660 2487 795 2573 ingenio
818 2485 1043 2573 philonophnri
1065 2505 1123 2552 uo·

67 2586 122 2670 icit,
137 2613 171 2660 nc
184 2615 301 2660 neuere
324 2593 499 2680 exigamur
520 2593 728 2679 (quemquem
751 2591 924 2674 uellerent,
945 2594 1053 2658 minue
1073 2591 1122 2658 le·
1181 2631 1187 2644 ·

67 2696 131 2764 niter
161 2701 196 2766 de
228 2711 396 2766 rectarum
423 2701 623 2785 proprietate
654 2711 687 2764 et
711 2699 900 2766 discrimine
931 2699 1122 2779 iudicamet,

67 2823 139 2884 qoam
158 2807 246 2887 iacit,
271 2819 311 2870 ut
332 2804 394 2871 h‘oc
415 2819 506 2885 utar,
530 2804 574 2884 V,
597 2802 674 2890 id),
693 2806 791 2891 idque
816 2827 916 2872 unam
941 2825 1122 2892 quterarnnn

68 2909 92 2972 in
106 2909 153 2976 ott
170 2915 349 3000 prasertim
369 2911 534 2979 scribendi
555 2924 714 2996 tempore,
731 2913 804 2998 ipsa
823 2933 876 2992 en,
894 2931 966 2998 pore
988 2931 1007 2974 e
1030 2909 1123 2976 Grte.

68 3035 152 3082 corum
167 3017 254 3086 libris
275 3023 312 3086 in
332 3017 467 3085 breuius
489 3030 665 3096 contracto,
683 3015 845 3082 interdum
866 3027 1030 3082 exornate
1050 3014 1125 3082 rire·

69 3124 154 3204 torico,
172 3129 322 3216 exponit,
343 3127 468 3192 natione
491 3122 634 3190 fideliter
656 3135 690 3186 et
712 3121 865 3189 adcurate
888 3122 1078 3188 reddiderit.

134 3234 199 3310 Η.
236 3233 358 3319 Neque
382 3233 469 3296 enirn
493 3231 672 3317 putendum
694 3239 748 3308 et,
793 3229 880 3314 quod
903 3227 1069 3294 nonnullis
1089 3229 1124 3294 in
1157 3301 1162 3310 ¹

70 3349 180 3404 nentem
199 3342 305 3419 uenit,
324 3350 373 3404 tot
393 3335 491 3401 hniue
503 3337 636 3427 generis
655 3331 759 3399 libror
778 3346 843 3399 tntu
866 3333 958 3402 breui
979 3349 1124 3424 tempore

70 3441 263 3528 reciprocare
281 3440 522 3534 reputantibus,
544 3441 713 3508 materiem
729 3439 833 3508 multo
850 3455 926 3508 ante
943 3442 1123 3508 conlectam

70 3543 156 3612 iniere.
195 3549 312 3618 Cicero
335 3553 423 3618 enim
437 3552 514 3618 inde
535 3547 577 3616 ab
599 3546 823 3614 adulescentia
837 3545 959 3614 Gracc
981 3547 1125 3637 philone·

69 3648 132 3734 thiu
149 3660 366 3744 cognitionem
388 3669 563 3746 parauerat
591 3657 635 3724 nd
649 3655 790 3722 orumria
812 3675 908 3720 utura
929 3669 963 3722 et
977 3655 1020 3721 nd
1042 3653 1125 3721 libe·

69 3755 147 3826 talem
165 3764 279 3852 inponi
302 3763 438 3847 cultum,
459 3785 524 3830 nott
545 3761 710 3830 rcrttcctt
730 3764 883 3846 coneilio,
900 3763 987 3852 qnod
1008 3764 1040 3826 ei
1052 3762 1124 3826 ueni

69 3864 242 3952 uiprtttcrr
265 3891 361 3936 cunm
385 3884 418 3937 et
440 3871 612 3936 domestici
633 3869 832 3954 adtulerunt,
854 3891 960 3960 neque
981 3871 1125 3933 intumo·

69 3983 201 4040 tuterunt
220 3995 371 4043 retenens
390 3989 613 4065 perscrutatur
636 3989 707 4044 erat
726 3976 974 4068 cingnlnrnmue
986 3975 1126 4039 formem

70 4124 271 4150 ᾖ

120 4247 174 4288 nnn
189 4232 335 4302 induent,
360 4237 502 4312 Epicurea
520 4245 631 4296 tantun
647 4246 678 4296 et
696 4238 795 4296 Stoiet
811 4237 927 4292 decreta
944 4239 1126 4306 exponuntur

122 4329 147 4376 et
160 4325 327 4386 nmtnicr
341 4329 523 4390 dubitatione
539 4333 741 4407 inpugnatur.
