2788 4886
483 293 737 364 Pttffl't'to.
1066 301 1163 370 LVll

78 481 149 548 tulit
170 483 211 547 ad
233 481 295 546 beo
314 477 419 544 libros
441 481 566 544 intento
591 481 701 546 auimo
725 482 969 562 retractandos,
1007 497 1043 548 ut
1079 484 1163 552 nibil

76 589 143 654 lere
162 587 379 675 relinqueret,
402 586 444 652 de
466 607 531 672 quo
552 608 616 652 non
637 591 834 654 sententium
856 603 950 654 acute
968 603 1003 654 et
1025 591 1164 678 proden-

78 709 123 760 ter
143 694 289 774 diceret,
333 705 527 779 urgurneuta
559 694 687 759 erudite
711 707 746 760 et
775 698 916 760 scienter
946 702 1163 784 conquireret,

79 821 180 888 eoque
196 802 312 866 amnia
341 801 485 878 sensim,
528 819 600 865 meo
623 821 724 886 opere
753 803 967 894 procedente,
1013 803 1093 869 mibi
1114 809 1164 872 sie

81 908 227 987 tradidit,
247 920 306 986 ut,
351 906 513 991 quomodo
538 905 681 986 uellem,
729 920 850 974 uterer.
895 909 945 975 Ac
967 930 1162 998 quamquam

81 1029 152 1082 notu
173 1014 260 1080 mibi
282 1026 355 1078 erut
374 1015 472 1078 nmini
493 1013 648 1078 adcurate
672 1016 819 1082 doctrino
840 1029 873 1082 et
896 1029 1020 1082 rectum
1042 1018 1083 1082 de
1106 1037 1164 1084 no·

81 1135 143 1186 stra
164 1135 240 1186 orte
261 1121 432 1199 iodicium,
453 1120 632 1186 admiratus
657 1135 764 1187 tamen
788 1145 880 1206 curn,
902 1145 999 1212 quom
1019 1145 1114 1212 saepe
1129 1125 1163 1192 iu

80 1242 140 1294 um
160 1229 294 1314 exigno
328 1229 508 1310 praesertim
533 1227 690 1314 adparatu
716 1229 805 1314 (nom
827 1251 869 1296 ne
892 1222 1070 1296 Gruterum
1093 1232 1164 1318 qni·

80 1335 145 1400 ders
161 1332 322 1412 babebat,
345 1333 574 1400 multominus
597 1333 812 1402 Cratandrum
826 1349 884 1404 aut
903 1333 1095 1420 Marelium)
1107 1351 1164 1402 aut

82 1463 186 1506 uerum
209 1443 321 1528 ipsum
345 1440 547 1506 felicissume
567 1444 748 1508 inuenisset
765 1455 822 1508 eut
843 1455 965 1508 rectem
986 1445 1075 1507 uiam
1092 1446 1164 1508 eius

83 1548 266 1614 inueniendi
285 1549 481 1629 institisset,
501 1569 673 1636 meamque
691 1551 886 1615 sententiam
905 1569 1067 1613 consensu
1089 1571 1164 1616 eon-

84 1653 240 1735 llrsrucet,
263 1655 429 1720 interdum
453 1655 553 1720 etiarn
574 1655 615 1720 ad
638 1675 679 1721 ea
699 1657 920 1735 odiendium,
944 1675 1015 1741 qua·
1036 1677 1088 1720 me
1112 1657 1164 1720 lo·

85 1763 212 1847 ginena
256 1759 369 1847 Atque
394 1759 483 1841 boec,
503 1763 536 1825 in
557 1762 675 1849 quibus
701 1775 778 1827 sont
805 1765 915 1840 etium,
938 1783 1010 1848 qua
1031 1783 1097 1827 nou
1122 1765 1163 1828 nd

87 1867 142 1934 noa
160 1867 254 1935 salos
274 1865 381 1932 libros
401 1869 598 1954 pertincant,
620 1879 657 1932 ut
679 1891 738 1956 pur
759 1883 842 1950 eret,
860 1871 1026 1934 inuentori
1047 1851 1182 1944 tribui3¹

87 1975 181 2040 ubiin
202 1975 334 2056 endem,
356 1988 456 2061 atque
476 1997 552 2062 ego,
569 1975 740 2055 incideret,
756 1988 881 2040 tantum
903 1975 956 2039 bic
971 1973 1043 2039 illio
1059 1979 1093 2038 in
1115 1997 1166 2040 re·

87 2079 140 2146 bns
158 2078 401 2168 innignitmibus
415 2093 449 2144 et
472 2079 731 2146 confirmationis
753 2101 868 2145 caussa
893 2091 926 2145 et
948 2081 1032 2164 qood
1053 2082 1167 2143 iucun-

86 2187 260 2266 duruerat,
283 2207 402 2252 nomen
426 2189 497 2252 eius
516 2189 674 2274 ascripsi,
695 2207 813 2274 neque,
835 2189 864 2252 si
885 2187 1015 2274 quando
1034 2185 1167 2274 aliquod

89 2295 272 2384 eucnpl'uru
292 2313 339 2358 ex
359 2293 431 2357 eius
452 2296 555 2376 copiis
576 2295 715 2360 adiunxi
739 2297 838 2375 meis,
883 2294 969 2381 quod
1000 2315 1064 2358 non
1094 2312 1167 2360 raro

87 2402 200 2468 luctum
221 2417 268 2481 ss,
283 2402 418 2475 monui3
438 2419 544 2486 neque
565 2402 654 2466 enim
675 2399 735 2465 illa
756 2400 832 2487 lege
854 2401 1008 2465 uiuimus.
1057 2399 1166 2488 Atque

87 2511 176 2574 etiarn
200 2508 261 2574 ubi
286 2530 307 2575 u
331 2527 384 2572 me
405 2505 616 2587 discedebat,
639 2527 796 2572 maxume
818 2509 904 2594 qood
928 2509 1074 2572 codicum
1098 2529 1166 2572 rue·

88 2615 196 2682 liorem
220 2616 413 2682 testimonia
435 2635 500 2679 non
524 2626 636 2693 norat,
679 2632 834 2701 perquam
862 2633 948 2701 steps
982 2613 1062 2678 utile
1086 2615 1166 2678 mibi

86 2721 142 2787 luit
169 2723 305 2800 uidere,
349 2723 426 2809 qnid
456 2721 608 2805 prudenti
641 2719 764 2785 bomini
798 2721 829 2784 in
853 2735 994 2785 mentem
1027 2723 1167 2786 ueniret.

87 2827 146 2894 Sed
175 2829 261 2896 mibi
289 2830 325 2893 iu
354 2841 424 2892 toto
456 2826 517 2892 buc
542 2846 578 2892 re
609 2828 671 2890 etsi
691 2839 799 2892 cetera
820 2829 956 2914 egregie
981 2825 1166 2909 placebant,

87 2949 187 3001 tanen
211 2934 300 3000 illud
321 2933 423 3021 longe
446 2935 678 3022 gratissumum
702 2933 775 3013 loir,
797 2934 903 3019 qood,
934 2953 998 3019 quo
1021 2943 1167 3017 tempore

88 3061 153 3106 eun
173 3043 396 3129 peruersitate
412 3039 614 3130 quorundam
632 3035 843 3105 conflictabar
864 3041 941 3105 etin
953 3057 1075 3124 genere
1090 3038 1169 3101 acri-

87 3145 176 3213 bendi
189 3169 288 3236 pane
305 3168 436 3214 moroso
450 3145 667 3236 defetigabor,
684 3144 805 3212 licebat
815 3148 850 3210 in
864 3146 1073 3210 suauissumo
1088 3144 1168 3208 emi·

87 3255 164 3320 sitite
187 3255 324 3322 adiectu
347 3257 566 3342 acquiescere.

166 3361 247 3427 Duo
269 3361 350 3426 mibi
373 3363 407 3426 in
425 3362 487 3426 boc
508 3361 597 3426 libro
620 3358 817 3446 displicent,
840 3375 957 3422 uocum
980 3355 1168 3422 seribendu-

87 3485 152 3532 rum
171 3471 273 3550 ratio,
294 3489 391 3556 quum
414 3469 509 3556 sequi
530 3469 752 3546 decreuerunt,
774 3485 840 3529 non
860 3483 1091 3552 usquequaque
1113 3463 1169 3529 od·

87 3588 192 3640 curete
215 3573 261 3640 ab
284 3577 380 3640 initio
402 3577 580 3640 eonstitute
603 3587 659 3640 eut
682 3585 813 3638 seruata
834 3583 1031 3650 constanter,
1050 3570 1169 3636 deinde

87 3701 205 3763 eorum,
225 3703 300 3770 quoe
311 3681 471 3748 Addeudn
483 3695 516 3747 et
529 3680 732 3767 Corrigenda
745 3677 963 3766 appellamus,
983 3673 1169 3742 multitudo.

87 3785 255 3854 Scribendi
270 3790 432 3854 cntionem
455 3811 526 3854 eam
548 3789 757 3854 decreueram
780 3788 976 3873 exprimere,
996 3805 1092 3871 quem
1110 3803 1168 3847 en·

86 3896 268 3980 tiquiosumi
316 3895 445 3960 codices
483 3892 714 3974 ciceroniani,
761 3913 913 3959 maxuroe
952 3888 1169 3977 palimpsesti,

86 4003 257 4068 ostendunt
278 4023 339 4090 per
354 4003 546 4068 recentioris
568 4003 668 4067 ureris
681 4001 917 4068 admixtionem
936 3993 1171 4083 perlucentem,

88 4107 137 4192 (de
159 4133 225 4198 qua
248 4133 284 4176 re
307 4109 494 4174 Freuudiua
518 4129 622 4198 nuper
649 4129 763 4196 purum
792 4103 959 4170 subtiliter
986 4099 1170 4188 dioputasse

88 4215 165 4282 mibi
186 4217 339 4302 uidetur,)
364 4217 406 4282 iis
429 4230 538 4282 temen
560 4211 721 4295 exclusio,
770 4231 842 4298 quae
865 4211 912 4272 ita
935 4207 968 4268 in
992 4207 1034 4272 iis
1055 4231 1077 4276 u
1098 4208 1171 4274 unl-

87 4324 155 4406 gari
179 4321 284 4392 forma
308 4321 362 4389 bic
387 4321 457 4390 illie
486 4321 676 4402 discedunt,
721 4331 756 4384 ut
785 4315 869 4380 hauc
902 4333 966 4378 non
998 4317 1103 4384 minus
1136 4317 1170 4380 in
