2788 4886
500 273 757 342 PRAEFATIO.
1022 279 1186 348 xxxttt

88 471 235 558 adparet,
258 467 482 536 Goerenzinm
506 469 611 536 multa
634 469 748 537 Marcu
773 471 952 548 tribuisse,
995 477 1121 561 quain
1145 495 1186 540 eu

86 579 229 644 editione
254 597 322 640 nun
345 577 477 657 aint31)
525 575 643 642 deinde
677 580 861 644 conlectum
885 593 936 662 ut,
976 577 1082 645 Marci
1105 601 1184 668 upu-

85 705 150 749 ιιιιι
173 703 310 748 omnem
332 681 477 768 pendere
511 705 531 748 a
559 684 726 750 codicibus
760 686 934 752 deterioria
958 688 1091 774 generis
1117 709 1183 754 nun

85 791 251 878 peremis
278 802 349 854 cta
372 791 572 854 coniectura.
607 788 722 878 ltaque
738 805 773 856 ct
796 791 824 872 l,
845 795 889 857 26
908 805 941 857 ct
960 796 1044 858 ubet
1065 795 1183 860 ceteris

88 896 240 962 omnibns
266 894 363 974 lecte,
387 897 422 960 in
446 894 565 982 quibus
585 899 732 963 codicum
756 898 893 965 familiae
913 899 1111 985 discrepant,
1133 901 1184 965 in·

86 1003 284 1090 terpolatarn
313 1004 507 1090 scripturam
536 1015 570 1068 et
601 1005 798 1070 deteriorant
827 1004 946 1086 babet,
971 1019 1088 1092 praeter
1110 1028 1184 1094 per·

86 1132 226 1198 paucos,
274 1111 310 1174 iu
348 1107 467 1196 quibus
497 1123 555 1176 aut
585 1107 716 1176 Herteli
748 1109 881 1176 silentiu
913 1135 1029 1199 parum
1061 1111 1183 1180 confidi

86 1240 179 1304 pocae
203 1216 341 1280 uidetur
374 1213 464 1302 (nant
486 1217 521 1280 in
546 1214 680 1281 cilentio
714 1220 937 1284 testimouium
969 1203 1114 1305 punitum
1142 1234 1184 1302 ut,

88 1347 150 1390 neu
171 1327 207 1390 in
231 1321 409 1388 meliorum
445 1321 593 1386 codicum
621 1324 783 1410 scriptura
813 1325 853 1390 ad
882 1323 991 1391 Orelli
1018 1327 1183 1394 diuersum

87 1430 257 1512 dmtnta)
276 1443 335 1494 aut
358 1429 546 1494 coniectura
567 1443 699 1496 neraata
730 1434 860 1513 etum)
930 1429 1019 1512 Nec,
1060 1436 1095 1498 in
1118 1456 1182 1521 quc

88 1551 163 1604 autc
181 1538 298 1602 emnia
322 1533 410 1600 boun
431 1535 561 1615 codice,
591 1537 621 1600 ai
643 1535 832 1618 habuisset,
860 1559 941 1602 uuus
964 1552 1072 1620 eruet,
1093 1537 1183 1606 lucu·

90 1645 372 1710 naedetericrurn
394 1641 559 1730 expleuit,
583 1655 618 1706 ut
639 1641 667 1724 1,
689 1647 743 1708 tc.
791 1643 990 1709 Coniectura
1013 1667 1121 1734 neque
1143 1669 1184 1714 ea

91 1772 246 1837 perquam
268 1750 386 1815 timida
406 1749 544 1837 adparet
564 1747 610 1829 ll,
630 1737 684 1830 db*
706 1749 767 1830 IV,
787 1754 811 1814 6
832 1749 973 1836 aliisque
997 1751 1091 1818 lucia.

178 1856 248 1938 (De
268 1859 440 1940 scripturis
464 1855 658 1944 quibusdam
683 1857 831 1923 melioria
868 1856 1004 1922 familia
1034 1861 1181 1927 codicum

90 1966 125 2030 iu
158 1975 355 2029 contextum
387 1963 542 2028 editionis
577 1959 752 2028 Cratandri
789 1964 932 2046 receptis
969 1963 1043 2028 dixi
1082 1985 1183 2054 cupra

88 2069 148 2154 ll
180 2067 237 2151 Β)

176 2175 216 2242 Ρ.
235 2175 404 2242 Uictoriae
425 2177 519 2259 (nam
545 2174 586 2242 de
611 2174 719 2256 Aldu,
764 2177 821 2261 qui
840 2176 930 2260 prior
951 2189 1023 2256 est,
1064 2177 1183 2260 dicunt,

92 2299 187 2368 quern
217 2281 258 2346 ad
291 2281 326 2346 Ρ.
356 2279 543 2348 Munatium
574 2286 713 2362 uenero)
742 2281 934 2368 exemplum
967 2303 1012 2347 ex
1034 2282 1184 2350 Romana

90 2388 233 2460 edition
263 2387 397 2453 ductum
426 2390 543 2475 exegit
565 2387 743 2475 diligenter
770 2391 890 2470 partim
916 2389 958 2455 ed
988 2411 1063 2456 eum
1094 2393 1183 2458 cudi·
1281 2443 1286 2456 .

90 2517 180 2575 cen,
224 2515 323 2582 quem
347 2493 460 2581 paullo
482 2507 558 2560 ante
581 2494 760 2582 descripsi,
784 2497 903 2581 partim
926 2499 1037 2576 (extra
1060 2496 1182 2564 librant

90 2600 164 2668 let
187 2601 235 2682 ll)
259 2600 301 2668 ud
326 2599 413 2666 ulios
433 2601 606 2666 deterioris
628 2598 763 2666 familiae
785 2601 933 2678 codicea3
960 2603 1073 2690 itaque
1097 2603 1182 2672 banc

89 2730 177 2775 nune
197 2711 294 2794 (poet
313 2707 494 2772 deteriores
517 2705 642 2794 aliquot
672 2707 801 2772 codices
835 2707 988 2774 adcurate
1022 2706 1184 2794 conlator)

91 2813 268 2880 utilitatem
294 2810 413 2892 babet,
461 2826 516 2892 ut,
541 2815 570 2878 ui
596 2815 670 2899 quia
699 2828 833 2900 propter
857 2813 1010 2893 tritutari,
1054 2811 1185 2896 Dauiai,

114 3123 144 3191 ¹)
164 3120 220 3186 1‚1
242 3121 334 3177 Gaius
352 3120 449 3178 ulmo
469 3121 582 3189 tribuit,
600 3121 677 3198 quod
694 3121 815 3180 Dauiaic
825 3121 981 3195 placuerat,
1000 3139 1058 3176 nou
1075 3121 1108 3175 id
1116 3129 1184 3186 taetre,

159 3215 307 3270 llerteline
325 3220 424 3270 enutat
442 3235 500 3271 uun
517 3218 550 3272 id
567 3225 700 3282 tantum,
717 3223 735 3272 9
753 3215 842 3271 Gziua
860 3221 975 3280 narrat,
991 3212 1119 3270 blancum
1136 3212 1185 3269 ba·

157 3309 228 3382 letne
247 3311 339 3366 locun
357 3337 394 3351 ·-
410 3310 492 3374 risit,
528 3307 678 3363 llerteliue
696 3314 790 3373 tanet,
815 3311 852 3360 bd
869 3303 920 3361 ille
936 3304 1064 3361 Marcum
1081 3307 1186 3362 scribit

156 3419 219 3457 m
237 3401 345 3457 babere
361 3401 451 3456 uerba
467 3415 565 3456 encre
584 3397 774 3474 interponite,
809 3396 858 3454 bic
876 3413 908 3454 et
926 3398 963 3454 ad
981 3399 1075 3475 Orelli
1093 3417 1185 3455 exen-

158 3495 240 3570 plan
258 3494 420 3558 aduolauit,
435 3493 488 3550 duc.
987 3533 991 3542 .

109 3590 143 3658 ²)
161 3589 248 3661 Palpo
267 3585 371 3659 (atde
389 3585 418 3650 l,
457 3585 508 3653 26)
534 3591 669 3640 anrrrtnr
691 3583 819 3642 namn
837 3585 899 3652 111,
937 3587 972 3637 1⁵
986 3581 1120 3638 omittere
1137 3585 1185 3638 mi·

158 3699 268 3744 ιιιιιιιος
287 3695 325 3733 rte
344 3675 398 3732 cei
416 3677 531 3752 quiden
544 3693 652 3742 errore,
672 3677 724 3732 aed
742 3677 834 3733 Orelli
853 3678 885 3732 in
900 3677 938 3742 V,
955 3679 990 3729 96
1005 3681 1125 3748 putatur
1137 3672 1186 3728 ba·

158 3771 230 3826 bere
241 3789 346 3826 mune
360 3771 530 3825 lmtdabder.
568 3770 600 3826 Si
608 3769 740 3825 llcrteliu
760 3771 838 3826 credi
853 3776 960 3844 potest,
974 3766 1013 3832 ll,
1027 3771 1062 3820 ta
1075 3765 1186 3820 craittit

159 3863 250 3918 uba
269 3861 426 3918 mittitete
444 3869 473 3916 ct
489 3861 528 3927 ll,
545 3861 687 3917 achabet
704 3869 781 3919 recte
797 3863 873 3934 facit
890 3881 922 3916 re
941 3879 1032 3936 neptae
1048 3865 1079 3913 ct
1087 3857 1186 3931 paullo

160 3963 228 4030 poet
246 3957 279 4010 id
297 3964 340 4010 eet
357 3957 585 4030 quasimne.
612 3955 674 4020 tlt,
692 3962 710 4010 8
730 3955 867 4028 Goepa'cni,
886 3955 911 4010 ei
931 3953 974 4008 ita
991 3959 1019 4006 ut
1038 3950 1188 4026 scripturn,

160 4055 276 4122 potent
295 4048 352 4102 iarn
372 4047 470 4102 blaeso
480 4087 489 4113 ,
524 4065 584 4102 non
602 4047 719 4102 inductu
737 4047 866 4114 bantini,
887 4047 920 4101 in
938 4049 1063 4100 mentera
1078 4043 1187 4100 uenire.

163 4141 250 4208 antl
267 4141 300 4205 Ι,
334 4145 372 4196 bd
390 4139 481 4196 Murci
508 4137 596 4198 editio
621 4141 721 4212 (1⁶27)
752 4141 856 4196 lubet:
894 4138 972 4212 quud
994 4136 1022 4190 n·
1045 4137 1096 4211 qui
1117 4141 1190 4192 catis

163 4237 306 4289 buinna
337 4235 396 4290 ru'lrr'
423 4242 527 4292 contre
560 4237 779 4297 conscientiam,
827 4231 859 4287 id
889 4229 945 4282 ianr
977 4225 1053 4304 apud
1084 4227 1192 4286 Alton

164 4329 263 4398 (tm)
283 4333 334 4382 ert.

973 4441 991 4484 C
