2788 4886
296 287 413 360 xnv1
715 287 970 358 l’llAEl'll'l'lo.

297 491 389 573 (nem
407 486 449 552 de
471 483 638 552 codicibue
657 484 780 552 di'ctutu
803 493 849 577 et)
872 507 1030 554 maxume
1061 499 1223 574 peccatur
1249 509 1273 552 a
1298 485 1327 576 pl

296 594 403 684 logie,
445 613 545 680 quotu
575 593 610 656 in
636 592 755 681 regula
783 599 910 686 iirque,
951 615 1025 681 qum
1056 591 1098 660 ab
1128 615 1170 661 ca
1202 592 1327 660 defleo

297 699 563 781 coneiderandie‚
610 702 687 787 qnia
716 723 803 768 nunc
832 702 973 769 Latinus
999 714 1032 766 et
1053 699 1193 766 Graecae
1219 723 1327 767 aeram

289 809 367 877 brie
388 807 562 875 concinnae
593 807 740 873 etndiora
765 821 837 875 arte
866 807 1162 894 conprehenditur,
1219 829 1295 873 non
1326 815 1327 872 l

298 917 535 993 meminerunt,
559 933 631 1001 qun
652 917 696 979 ait
716 917 898 981 communia
917 913 1106 1001 linguarum
1130 913 1327 980 bominum

299 1024 482 1111 uigentiunt
513 1031 641 1086 natura.
707 1022 770 1089 llle
810 1026 899 1089 enim
938 1034 1088 1086 ueterum
1127 1041 1244 1088 nermo
1280 1023 1327 1086 iia

298 1127 449 1196 cantone
474 1131 599 1193 munais
622 1129 816 1196 monebatur
835 1144 869 1194 ct
899 1125 1102 1208 flectebatur,
1124 1127 1253 1215 quibua
1276 1150 1327 1193 not

299 1238 357 1303 aed
382 1259 431 1304 etc
456 1257 579 1302 canneto
601 1236 701 1303 aliam
725 1237 895 1304 materiem
920 1248 953 1300 et
975 1235 1114 1325 formem
1140 1233 1183 1300 ab
1209 1237 1316 1300 initio

298 1355 349 1423 ter
370 1345 579 1410 conutitutam
613 1345 744 1410 dinerao
765 1343 863 1410 modo
888 1350 1017 1430 regunt.
1059 1341 1175 1430 Itaque
1202 1341 1297 1428 qnod
1324 1365 1327 1404 t

301 1450 422 1517 multae
443 1451 607 1538 miraeque
628 1449 753 1538 figurae
776 1448 1029 1536 excogitabant,
1061 1469 1200 1538 qnorum
1224 1469 1291 1513 neu
1318 1469 1327 1514 ι

299 1560 373 1645 quie
396 1577 525 1621 omnem
547 1577 732 1624 termonem
756 1572 887 1623 uertere
910 1555 1045 1622 licuiaeo
1077 1554 1263 1643 potabant,
1314 1575 1327 1620 ι

301 1675 415 1729 contra
451 1665 570 1747 partim
610 1685 739 1730 omnem
784 1663 1029 1752 neglegentiam
1073 1661 1327 1748 ambiguitatem

299 1767 510 1835 aneteribuu
535 1768 658 1857 lingnie
682 1769 854 1836 exclusam
882 1781 1017 1855 putant,
1064 1771 1186 1856 partim
1209 1771 1296 1834 mira
1322 1783 1327 1834 t

297 1887 428 1963 ptorom
452 1875 593 1944 artificia
622 1879 815 1962 excogitant
831 1875 1179 1965 ‚rignificationcaqum
1210 1877 1327 1963 quari

301 1983 457 2070 consequi
479 1981 627 2048 natutae
649 1983 868 2063 arbitrantur,
894 2003 955 2048 nec
976 1983 1211 2062 meminerunt,
1241 1984 1327 2068 aingt

301 2088 471 2171 beminen,
515 2090 570 2178 qni
592 2089 709 2178 lingna
734 2089 846 2178 aliqua
869 2102 1022 2170 utantur,
1065 2090 1112 2154 ita
1134 2089 1327 2154 communit

301 2197 378 2262 ueni
402 2217 539 2284 parere,
582 2209 620 2260 nt
647 2198 713 2284 ipei
742 2216 846 2261 nouae
887 2193 1146 2284 rignificationea
1174 2192 1304 2279 lingere

301 2315 444 2390 queem,
484 2321 567 2390 quae
594 2323 691 2369 nemo
718 2298 946 2367 intellecturus
967 2305 1029 2380 ait,
1072 2314 1143 2367 tnm
1163 2321 1251 2387 arepe
1269 2297 1327 2364 obl

301 2421 457 2488 tonatur,
501 2427 574 2494 qum
595 2409 640 2472 eit
670 2407 850 2473 formarum
873 2409 912 2473 ud
943 2407 1094 2496 regulam
1128 2409 1307 2496 positarum

301 2525 337 2578 et
358 2533 476 2578 canona
494 2514 544 2597 (ot
562 2515 597 2576 in
614 2512 696 2594 illo,
738 2514 824 2600 quod
847 2515 889 2580 ad
910 2512 1008 2596 1,ttt
1030 2537 1062 2602 p.
1082 2515 1127 2580 td
1147 2514 1274 2602 adtigi).
1320 2515 1327 2578 l

301 2617 481 2706 prudenter
502 2632 622 2705 agent,
642 2619 694 2684 illi
716 2623 870 2708 primum,
890 2642 988 2709 qtrom
1010 2634 1184 2708 quaretur,
1202 2633 1327 2687 rectene

302 2723 421 2791 Latina
442 2723 567 2812 aliquid
590 2739 647 2792 ant
668 2729 800 2794 omnino
822 2741 880 2794 ant
907 2742 996 2794 carto
1020 2742 1167 2815 temporo
1189 2727 1327 2793 dictum

302 2853 460 2900 maxuma
482 2830 745 2915 considerabunt,
764 2856 828 2922 qno
850 2837 989 2900 tranuito
1011 2849 1044 2901 et
1061 2833 1179 2923 quibua
1201 2836 1289 2923 quari
1309 2855 1327 2921 g

302 2938 401 3006 dibon
423 2961 445 3005 a
464 2951 621 3006 conruere
650 2957 708 3005 unt
739 2939 981 3030 significatione
1012 2940 1188 3008 uerborum
1227 2953 1281 3007 ant
1311 2943 1327 3005 it

303 3061 396 3114 ctoru
417 3048 460 3113 ad
484 3045 587 3128 hanc,
609 3048 649 3112 de
671 3069 736 3135 qua
750 3061 936 3135 ‘quercetum
958 3051 1065 3114 ueniri
1088 3051 1244 3135 potuerit,
1266 3049 1327 3112 deit

302 3167 433 3234 autom,
456 3173 553 3241 quom
575 3153 617 3220 da
640 3153 774 3222 licentia
795 3153 1071 3243 neglegentiaque
1094 3153 1298 3234 dubitabitur,
1323 3175 1327 3222 t

303 3261 455 3338 tendant,
501 3281 583 3348 quoe
608 3263 640 3326 ei
669 3274 703 3328 et
724 3285 745 3328 a
770 3284 835 3350 qna
855 3273 949 3350 parte
972 3263 1081 3328 aditur
1101 3262 1255 3350 legitema
1274 3261 1327 3326 lort

303 3368 431 3432 dederit
453 3386 589 3454 qumque
612 3389 736 3435 matura
764 3372 955 3455 scriptorem
984 3365 1159 3433 traderint.
1220 3365 1327 3432 Hace

299 3475 446 3541 etudiota
476 3483 676 3560 peraequent
704 3487 737 3540 ct
767 3475 888 3563 negaui
917 3475 1063 3561 quiedam
1103 3474 1251 3554 terente,
1290 3495 1327 3560 qu

302 3581 470 3669 legitema
493 3583 607 3647 forrum
629 3601 701 3648 eam
726 3579 1005 3668 perturbationem
1028 3581 1203 3660 baberent,
1234 3599 1327 3666 quat

303 3691 412 3755 cidara
435 3689 563 3756 Latinio
582 3689 760 3774 nequirent,
784 3699 817 3752 et
837 3684 1018 3772 permulta,
1036 3709 1108 3775 qam
1131 3687 1264 3752 minume
1286 3709 1327 3752 ret

303 3809 434 3879 emant,
458 3811 566 3862 tamen
591 3817 611 3859 ιι
632 3791 791 3859 Cicerone
817 3795 939 3879 scripta
963 3791 1113 3872 delendi,
1157 3791 1284 3858 utillud
1304 3815 1327 3860 nt

304 3925 407 3970 xumo
431 3900 576 3970 notabile
598 3904 632 3966 in
655 3899 714 3966 lib.
739 3900 807 3978 tlt,
853 3901 913 3976 bl;
955 3899 1141 3979 interdum,
1163 3899 1327 3966 demonstra

304 4013 386 4076 nitio
410 4023 443 4078 et
466 4008 550 4076 lalaa
571 4009 763 4073 teterrione
781 4007 937 4087 detracta,
957 4019 1068 4072 tamen
1091 4003 1241 4084 dubitaui,
1258 4027 1327 4092 quot

251 4143 266 4174 e
301 4137 366 4202 que
397 4117 515 4184 Cicero
537 4135 731 4206 progremne
749 4125 860 4193 creat,
898 4129 936 4178 ut
960 4112 1029 4194 lll,
1052 4113 1147 4197 w)
1204 4112 1261 4180 Sed
1280 4125 1327 4176 eto

303 4257 535 4278 Ἣ

326 4335 351 4400 t)
370 4331 512 4400 Quoniam
531 4335 639 4392 mentio
658 4333 734 4391 iacta
752 4329 904 4388 stractoria
923 4331 1062 4388 aermoaie
1083 4330 1174 4387 libere
1196 4347 1223 4385 ec
1244 4335 1269 4385 ct
1291 4335 1327 4383 nrt
