2788 4886
486 294 741 364 PBAEFATIO.
1104 291 1168 360 Vll
1198 269 1202 282 ⁰

90 487 198 552 tauro·
214 480 280 547 fide
302 478 385 544 Meti
405 475 619 543 Ballinienaia
643 480 892 565 praetermisisse
901 480 930 559 ,''
977 499 1073 564 quam
1099 499 1168 542 cer·

85 606 147 656 tum
171 602 211 668 rt,
232 591 267 654 in
291 585 387 651 nniio
408 587 482 649 eina
498 587 610 652 codice
634 586 749 667 iniere,
770 589 861 651 utin
885 584 978 649 nulio
1001 583 1068 649 aiio
1093 583 1167 663 init,

84 697 137 760 aed
157 698 226 760 eius
246 695 370 758 locoin
391 691 560 756 nonnullis
578 691 686 768 Troii;
709 691 754 772 11,
774 695 797 758 8
818 690 944 772 scribit,
967 694 1000 756 in
1017 689 1055 755 C.
1067 689 1106 754 C.
1117 688 1167 768 C,

85 802 206 881 Mead„
226 800 280 866 ΕΙ.
301 805 320 865 1
347 821 422 865 esse
445 797 595 876 biareni,
628 802 722 884 quusi
745 802 779 864 in
803 801 921 864 ceteris
943 799 986 862 uit
1006 796 1166 873 hiaretur,

84 911 162 998 quod
183 911 325 974 iortaeee
346 910 380 970 in
402 927 468 970 uno
492 903 544 968 ΕΙ.
567 907 607 984 2,
649 903 798 972 melioris
822 907 974 994 generis,
1007 918 1103 984 erat,
1131 906 1165 966 in

82 1033 257 1082 ceterorum
281 1012 386 1079 nulio.
454 1012 549 1099 Srepe
581 1014 615 1075 in
645 1013 772 1076 tuendis
799 1012 1045 1100 typographicis
1069 1031 1167 1095 tupe-

80 1125 195 1188 riorum
218 1119 423 1206 corrigendis
443 1133 536 1206 parte
565 1119 713 1184 codicum
747 1122 867 1200 utitur,
910 1141 1009 1207 quom
1031 1115 1166 1183 deberet

83 1227 243 1307 omuibus,
288 1240 326 1291 ut
349 1225 385 1306 1,
428 1229 471 1289 ΙΙΙ
489 1223 672 1302 facillume
703 1229 749 1292 ait
778 1249 852 1293 ecee
876 1231 911 1293 in
924 1227 1024 1295 Patr.
1047 1222 1165 1302 tribur,

83 1333 200 1398 Eiienai
223 1347 381 1420 utroque,
411 1332 508 1418 ’quod
530 1344 602 1396 erat
622 1353 686 1397 non
710 1337 817 1399 minua
840 1335 874 1398 in
895 1333 1029 1398 relicuit
1050 1329 1165 1396 tribua.

84 1438 190 1504 Multis
207 1439 312 1519 iocis,
353 1437 412 1502 ubi
443 1451 570 1504 tantum
598 1440 670 1504 dote
699 1443 867 1528 scriptor·
894 1453 991 1520 eunt,
1034 1441 1165 1524 utrique

83 1569 173 1612 unum
195 1559 228 1611 et
256 1543 398 1610 alterurn
416 1544 569 1629 adsignat
591 1545 755 1626 codicem,
798 1559 926 1612 ceteros
947 1549 1081 1612 omnino
1106 1544 1164 1608 dn-

85 1651 148 1715 bior
168 1651 346 1738 relinquit,
367 1665 403 1715 ut
426 1650 461 1731 1,
481 1653 526 1718 to
547 1651 593 1716 ud
612 1661 764 1717 naturum
786 1655 867 1719 dicit
891 1673 964 1718 oeae
986 1655 1020 1716 in
1045 1651 1119 1716 Par.
1144 1655 1161 1713 l

85 1771 113 1821 et
128 1760 167 1836 8,
190 1760 225 1822 ia
246 1757 300 1822 El.
323 1761 342 1822 l
365 1770 400 1822 et
418 1756 504 1822 Bali.
529 1759 704 1824 secundem
727 1769 899 1841 naturum,
927 1773 965 1824 ut
989 1761 1023 1823 in
1045 1759 1164 1824 cetaria

85 1876 226 1949 quattuor
246 1866 358 1929 nescio
381 1865 458 1950 quid
480 1863 569 1930 aliud
593 1865 698 1930 iniero
717 1879 825 1952 puter.
887 1865 939 1931 Ne
957 1869 999 1930 iis
1021 1865 1163 1952 quidem,

84 1991 146 2056 que
168 1969 295 2057 probat,
319 1969 417 2056 piena
439 1973 627 2036 testimonia
649 1970 804 2050 ascribitt
827 1971 979 2058 namrii,
1004 1975 1044 2036 12
1067 1971 1162 2036 Pala·

85 2079 144 2142 tino
162 2079 180 2144 1
201 2090 235 2142 et
266 2077 415 2144 Uictorio
445 2078 548 2142 credit
575 2076 716 2141 delenda
742 2077 812 2144 bec
842 2099 932 2144 osea:
977 2076 1046 2142 Sed
1064 2075 1164 2154 forte

85 2183 202 2262 dictim
246 2185 282 2247 in
306 2183 441 2248 relicuit
471 2182 638 2248 codicibus
660 2186 707 2248 uit
737 2205 822 2250 eane.
892 2183 935 2248 Et
955 2198 1081 2262 tamen,
1101 2200 1104 2206 ’
1128 2197 1164 2246 ut

86 2289 120 2352 de
147 2289 198 2354 ΕΙ.
225 2292 249 2352 2
270 2288 355 2354 nibil
374 2291 597 2376 mapicemur,
621 2288 739 2356 ealtern
775 2292 809 2356 in
843 2289 882 2372 Q.
903 2289 942 2356 C.
962 2289 1001 2356 C.
1023 2289 1106 2375 (Ox.
1128 2294 1162 2370 ξ)

85 2417 120 2460 ea
152 2395 253 2462 uerba
284 2397 406 2482 scripta
444 2417 510 2461 non
546 2417 637 2474 esre,
689 2395 933 2464 oxoniensium
972 2399 1160 2462 testimonio

84 2507 202 2569 ainau
264 2503 394 2569 Deinde
417 2501 575 2567 Douirriu
598 2523 705 2591 neque
730 2505 859 2569 codices
882 2505 1056 2584 distinxit,
1101 2519 1161 2568 ste*

84 2613 216 2691 pirrume
265 2631 401 2696 prorruu
442 2610 658 2696 permutauit,
717 2623 751 2675 et
788 2611 960 2697 permultis
996 2612 1079 2677 locie
1119 2611 1159 2674 de

84 2719 241 2804 rcripturie
274 2715 373 2801 plane
403 2715 489 2782 fulua
521 2716 674 2801 prodidit.
739 2716 887 2795 Quorum
911 2731 1085 2804 utrumqne
1119 2739 1160 2780 ne

84 2827 118 2888 iir
147 2825 277 2890 iudiciir
317 2843 513 2908 coarguam,
565 2843 637 2908 quta
678 2821 720 2887 ed
757 2827 1024 2911 perspicuitatem
1063 2823 1160 2909 plara

85 2930 170 2995 uerbo
200 2929 410 3009 desiderant,
457 2941 531 2993 utar
568 2927 696 2994 duobus
725 2933 928 2996 corticeumia
958 2945 992 2996 et
1023 2929 1160 2995 inanisc-

83 3040 244 3102 rtirrurniu.
312 3036 460 3102 Priorum
490 3033 605 3100 habuit
636 3035 720 3102 duoa
751 3036 880 3102 codices
899 3036 1064 3116 Eiieneir,
1103 3057 1161 3120 pe·

83 3167 166 3223 aere,
197 3155 233 3208 ut
255 3142 343 3208 inira
367 3142 557 3224 ostendam,
597 3143 759 3209 diuersae.
823 3143 894 3210 iarn
915 3139 1055 3208 infinitis
1078 3141 1160 3206 locis

83 3271 136 3315 ron
155 3250 330 3327 distinxit,
374 3262 481 3314 utrum
512 3250 657 3316 codicem
691 3248 859 3316 Eiieneem
880 3251 1023 3329 diceret,
1065 3261 1103 3311 ut
1125 3251 1159 3311 in

82 3359 172 3442 prima
203 3357 373 3420 mentione
409 3357 450 3420 ad
473 3355 505 3436 Ι,
541 3360 560 3422 l
592 3359 733 3436 (tautam
754 3355 1032 3442 reprehenderem
1073 3374 1159 3435 eoepa

81 3464 141 3528 ”tt
175 3464 300 3528 unnm”
336 3461 493 3548 appellat.
561 3463 599 3529 In
635 3467 810 3551 pottremiu
849 3462 945 3528 libris
980 3465 1027 3526 ita
1057 3481 1160 3547 prope

80 3582 254 3636 manenter
286 3581 413 3634 tantum
449 3569 618 3636 Elieneem
654 3572 767 3655 (etiarn
805 3569 973 3658 Elicerem
1003 3567 1159 3646 acetrum)

79 3681 232 3756 nominat,
265 3695 332 3740 uon
358 3675 470 3742 addito
490 3695 588 3742 unum
610 3690 667 3742 aut
690 3679 851 3752 alterum,
876 3689 930 3753 nt,
956 3671 1087 3736 etiarnsi
1110 3672 1160 3731 in-

79 3787 160 3866 iuria,
178 3805 246 3848 uon
275 3795 386 3848 tamen
410 3786 481 3850 aine
505 3805 621 3849 canera
646 3782 827 3848 dubitatum
849 3784 916 3859 rit,
952 3779 1078 3842 duosne
1103 3773 1160 3836 ha·

78 3889 242 3975 bnieret.¹)
291 3889 365 3978 Ego
388 3887 547 3973 arbitror,
591 3892 638 3955 ita
663 3901 838 3975 excerptae
862 3887 966 3952 inisse
990 3881 1160 3961 utriusque

93 4139 116 4206 ¹)
132 4138 296 4194 &nmio
315 4138 394 4211 prat.
413 4157 440 4211 p.
462 4135 488 4190 V
505 4136 554 4192 Bb
570 4135 598 4191 ΙΙ
618 4135 738 4207 (scribit
757 4133 789 4198 Ι,
816 4129 868 4184 aed
886 4121 1035 4178 meliorem
1053 4117 1161 4187 signin.

131 4237 193 4293 fii.
221 4249 309 4304 quen
333 4231 396 4304 ipro
419 4237 519 4304 postea
545 4236 627 4284 recte
649 4229 677 4283 ΙΙ
702 4226 797 4282 ioirac
823 4215 914 4280 dicit)
940 4208 1056 4264 uidetur
1082 4209 1163 4261 '’cum

131 4323 218 4378 tertio
238 4323 318 4380 libro
335 4324 504 4388 finiuiure;''
539 4341 606 4378 nam
622 4320 691 4376 indo
709 4317 798 4371 unius
816 4307 906 4365 modo
925 4299 970 4357 Et
989 4299 1163 4354 mentionem
