2788 4886
294 263 409 334 LXIV
721 255 976 328 inminuto.

297 465 336 530 ad
374 461 455 528 artis
494 455 623 522 modum
666 475 739 520 oum
776 457 946 523 notionum
984 454 1185 542 proprietate
1226 449 1342 522 subtii

296 571 406 636 auimo
430 565 625 650 descriptam
650 560 793 628 tenebat.
827 561 1050 648 Quotuigitar
1070 561 1222 624 animum
1248 560 1298 624 ad
1330 575 1342 624 a

296 674 437 740 bendum
458 669 639 758 adpulisset
658 691 733 736 oum
753 669 963 734 festinatione
986 666 1123 751 quadam
1138 679 1172 731 et
1184 669 1294 754 qussi
1314 687 1342 732 tu

296 781 422 848 doloris
445 792 479 844 et
496 776 720 844 molestiarum
744 774 945 840 obliuionem
970 795 1131 860 quaerens,
1142 775 1168 857 ¹)
1198 789 1326 860 neque

297 885 396 952 bebat
425 889 637 974 praeparatam
670 883 838 948 tnnteriem
878 883 942 945 nisi
978 882 1142 944 communi
1187 882 1342 966 quadam

297 991 485 1060 doctoribus
509 1005 541 1058 et
564 989 658 1056 libris
682 993 799 1057 notitia
824 1009 930 1076 noque
959 1007 1032 1052 earu
1071 987 1224 1050 studiose
1261 1007 1342 1058 corn

298 1103 393 1164 sitam
429 1098 583 1162 diuturna
613 1097 824 1162 meditatione
855 1095 1029 1174 retrabat,
1068 1094 1147 1172 sed,
1195 1094 1291 1180 quod
1341 1121 1342 1150 r

299 1207 395 1272 modo
421 1203 496 1268 fidei
515 1216 556 1268 et
578 1203 739 1268 ouutionis
763 1219 880 1268 caussa
903 1204 1044 1267 sortasse
1066 1200 1223 1276 fecisset,
1271 1201 1307 1262 in
1341 1221 1342 1262 r

298 1313 387 1401 gulis
411 1308 560 1394 partibus
583 1309 798 1398 philosophiae
832 1309 1047 1397 singulisque·
1066 1304 1273 1392 disciplinis,
1325 1325 1342 1394 q

300 1433 371 1486 erat
392 1429 608 1495 tractaturus,
652 1435 751 1481 unrttn
777 1418 848 1482 iero
871 1417 1013 1503 aliquem
1044 1411 1108 1478 sibi
1135 1410 1243 1498 elegit
1268 1413 1342 1477 duo

300 1549 396 1615 qoem
426 1535 617 1612 sequeretur
645 1535 678 1586 ot
706 1523 956 1609 exprinreret.²)
1028 1519 1123 1600 Quod
1151 1520 1328 1604 quomodo

301 1634 464 1710 stituerit,
500 1649 604 1717 nuper
625 1628 818 1694 clarissumo
841 1628 996 1716 exemplo
1020 1627 1220 1715 patefactum
1243 1639 1276 1689 st
1303 1629 1342 1694 in

301 1739 360 1806 bro
381 1741 488 1823 primo
509 1737 550 1800 de
571 1737 846 1815 naturodeorum‚
865 1739 1000 1800 iouente
1022 1737 1107 1800 inter
1127 1735 1342 1804 Herculanea

301 1845 469 1912 uolumina
494 1842 656 1930 partionis
683 1845 796 1930 soripti
828 1842 957 1908 Phaedri
988 1841 1139 1927 Epicurei
1172 1844 1253 1930 περὶ
1287 1851 1342 1911 ue

299 1952 448 2039 Adparet
466 1953 552 2014 enim
572 1948 841 2036 intellectumque
873 1961 904 2013 st
937 1969 956 2014 a
986 1946 1047 2012 cn.
1075 1948 1290 2030 Pammenia,

302 2081 373 2126 eant
397 2055 588 2146 particulam
599 2055 783 2146 Ilumburgi
803 2079 833 2122 a.
851 2057 935 2122 tato
952 2073 1100 2120 seorsum
1121 2057 1236 2137 edidit,
1259 2053 1342 2121 Cioe

302 2187 377 2231 nem
401 2186 465 2230 uon
495 2163 603 2229 tolum
633 2185 679 2229 ox
709 2163 852 2228 seeundo
883 2161 975 2226 iliius
999 2161 1148 2248 opnaonii
1172 2161 1259 2227 libro
1291 2175 1342 2228 tot

302 2271 457 2336 doetrinae
482 2271 652 2356 Epicureae
685 2271 929 2355 expositionem
962 2270 1046 2354 (qne
1078 2269 1162 2354 apud
1199 2265 1342 2334 ciceron

302 2378 379 2442 iude
402 2399 422 2440 o
445 2381 463 2456 9
486 2377 528 2440 48
552 2374 689 2462 iegitur)
711 2378 912 2460 sumpsisse,
944 2375 1000 2438 sed
1024 2378 1142 2453 etiam,
1175 2375 1258 2462 quod
1283 2377 1342 2442 mit

303 2483 423 2568 aliquis
445 2483 683 2566 suspicaretur,
708 2503 727 2544 e
751 2483 859 2566 priore
882 2480 967 2547 libro
993 2485 1103 2547 ornnia
1126 2481 1196 2561 ilia,
1217 2503 1288 2568 qnae
1312 2481 1342 2548 U

241 2625 247 2640 ·
302 2587 403 2652 isium
435 2585 557 2650 inducit
594 2587 634 2650 de
676 2589 880 2672 superiorum
920 2585 1187 2676 philosophorum
1218 2563 1342 2652 sentent

303 2693 534 2778 disputantem.
581 2692 704 2758 Eodem
730 2696 831 2780 igitur
861 2707 917 2758 aaut
938 2691 1054 2759 saltem
1074 2694 1174 2758 simili
1199 2695 1292 2758 modo
1321 2719 1342 2759 ru

304 2801 486 2863 instituisse
511 2802 545 2864 in
577 2799 628 2864 Iris
654 2799 747 2867 libris
778 2800 960 2864 censendus
989 2823 1030 2867 eo
1059 2803 1164 2888 nangis
1195 2813 1260 2880 est,
1303 2821 1342 2886 qu

305 2927 369 2971 non
394 2904 532 2972 obseura
553 2909 694 2994 uestigia
715 2907 747 2970 id
778 2919 957 2986 testantur,
1002 2907 1184 2995 dequibus
1213 2927 1255 2971 ex
1277 2905 1342 2996 aliq

305 3028 396 3101 parte
425 3015 489 3078 iam
513 3011 594 3076 alibi
619 3013 782 3076 diotnma
814 3034 864 3076 me
894 3026 936 3076 st.
1004 3009 1040 3080 In
1070 3016 1176 3102 primo
1210 3011 1292 3077 libro
1325 3037 1342 3078 e

304 3140 391 3206 saepe
413 3119 493 3204 ipsis
516 3117 648 3202 Epicuri
670 3117 915 3198 ambientium,
939 3132 1046 3184 tumen
1066 3134 1156 3208 patet
1177 3123 1208 3206 (9
1230 3125 1268 3188 ul
1292 3137 1324 3186 et

304 3227 406 3312 supp),
452 3227 667 3312 posteriorem
695 3223 838 3313 aliquem
863 3227 894 3290 ei
922 3225 1117 3310 Epicureum
1142 3229 1253 3295 ducem
1283 3229 1342 3294 fuit

305 3381 535 3398 m

325 3471 354 3536 ι)
375 3467 421 3522 dd
439 3469 498 3523 Ata
517 3467 585 3535 XII,
604 3471 645 3534 14,
663 3474 694 3523 δι
720 3471 803 3527 Tutor
821 3471 882 3526 dies
899 3472 990 3526 seriio
1008 3469 1071 3537 dre,
1093 3471 1231 3540 x111,1o,
1252 3475 1279 3524 l:
1301 3471 1342 3543 Qu

373 3563 431 3615 aiei
447 3563 516 3616 mitt
531 3565 581 3616 ime
605 3563 729 3618 sentiret
753 3563 785 3616 itt
807 3572 942 3627 mers,
975 3567 1096 3620 mum
1119 3565 1178 3619 ista
1202 3565 1288 3619 nescio
1311 3583 1342 3633 pn

372 3671 426 3730 pue
444 3673 486 3710 eae
501 3664 651 3719 aetam,
668 3673 728 3710 m
741 3657 887 3721 dadum
902 3657 971 3711 ibid
979 3661 1025 3721 Μ,
1042 3662 1075 3712 22
1097 3657 1237 3727 Equidem
1253 3657 1342 3710 credid

373 3761 431 3802 atra
449 3755 509 3810 ert,
543 3750 817 3818 pantanorum
835 3751 898 3812 aie,
934 3751 1003 3826 potira
1029 3752 1115 3806 ute·
1140 3750 1277 3817 troefflts
1311 3747 1342 3804 nr*

374 3857 446 3892 entra
466 3856 562 3896 sonna.

325 3931 355 3998 ¹)
374 3929 421 3986 Ad
437 3931 525 3986 Attia
543 3929 617 3998 ΧΠ,
635 3935 687 3998 ⁵2,
705 3937 740 3999 ³,
758 3933 807 4009 qui
825 3933 907 3991 loeus
926 3935 968 3990 eie
985 3933 1300 4008 iuterpuupeudmest:
1336 3963 1342 3988 r

374 4023 475 4096 usqu
493 4025 602 4079 Latino
617 4028 713 4082 serari
729 4044 758 4082 er
770 4029 867 4086 amnt
904 4029 1049 4100 (Atticum
1069 4044 1200 4082 securum
1218 4043 1274 4081 osee
1289 4025 1342 4079 iubr

376 4116 551 4187 respondens
569 4117 631 4173 eiua
650 4117 839 4174 admonitioni
858 4119 969 4190 elicui.)
1024 4121 1123 4176 Dices:
1162 4119 1218 4192 (tet
1231 4121 1299 4174 tolie
1313 4138 1342 4174 oe

375 4210 499 4264 seritis?
514 4205 727 4284 'Asdypnpo
743 4220 827 4274 reate
850 4213 956 4270 deors
974 4213 1072 4270 iniere
1088 4213 1180 4286 timete
1216 4213 1295 4269 serta
1313 4219 1342 4268 tn

375 4306 431 4352 tan
451 4304 563 4372 οιῌιη,
580 4305 681 4375 μῶυ
698 4303 825 4362 Μ.
