2788 4886
309 323 382 390 XX
732 315 987 385 rttAErATtO.

310 531 431 596 tentor,
457 515 617 580 rationem
642 513 764 580 hebent
789 513 880 602 drrpli
904 526 937 578 ct
958 515 1059 577 sentis
1080 509 1135 575 uel
1162 510 1282 599 psuiio
1307 539 1311 574 t

309 627 478 690 seciorem.
550 621 664 707 ltaque
696 619 836 686 infinitis
866 619 949 686 locis
972 619 1123 705 ponende
1145 631 1219 684 eret
1243 621 1309 683 scri

307 730 513 796 Ascensiene
533 749 604 794 cum
628 728 689 794 hec
711 731 881 806 cautione,
927 727 1066 803 nesciri,
1107 722 1311 790 confirmare

308 838 471 903 ocodice.
543 832 672 899 Deinde
702 847 772 898 eret
797 834 942 921 qoaedaru
967 834 1001 895 in
1025 831 1150 897 Uictori
1174 835 1266 896 notis
1290 855 1311 896 o

309 948 402 1023 uites,
428 941 515 1028 quod
537 952 569 1004 et
592 942 785 1006 coniectum
808 941 1008 1027 interposite
1035 949 1144 1018 erent,
1165 938 1282 1003 litters
1308 969 1311 1000 ι

307 1055 341 1135 ej
361 1051 569 1136 proscripta,
611 1058 645 1110 et
665 1068 910 1135 nonnumquam
932 1047 1100 1132 scriptume
1122 1058 1267 1110 enotetrc
1291 1067 1311 1110 s

307 1159 462 1240 scriptum
485 1173 531 1238 g,
565 1153 650 1239 quod
675 1154 836 1241 probandi
860 1151 1136 1240 significationem
1160 1149 1288 1216 hebere

306 1277 370 1340 tur,
391 1263 504 1349 paucis
518 1257 600 1323 iocis
623 1261 768 1338 edditom
781 1259 861 1324 Am.
878 1257 1021 1342 (Aldus).
1055 1257 1131 1324 Uno
1150 1271 1184 1321 ct
1205 1256 1311 1322 sltero

305 1369 518 1454 superposite·
528 1367 562 1428 iu
574 1380 732 1431 contextu
748 1366 859 1432 uerbis
870 1366 989 1430 litteroe
1000 1379 1105 1444 erent,
1116 1385 1187 1451 quse
1209 1367 1308 1428 couie

306 1490 399 1540 ustas
422 1474 640 1538 correctiones
664 1478 831 1539 continere
856 1469 1069 1552 uidebuntur,
1094 1484 1130 1536 ut
1153 1470 1189 1552 1,
1224 1472 1269 1534 55
1288 1493 1311 1532 u

306 1582 422 1646 cedere
443 1598 567 1644 carrera
590 1580 842 1668 superscribitur
854 1579 905 1644 bis
930 1599 952 1644 o
974 1579 1108 1664 <cadere
1131 1597 1262 1655 comeo,
1287 1599 1311 1662 q*

305 1686 478 1752 udrrrodum
500 1683 667 1750 Uictorius
699 1687 839 1768 edidit),
880 1685 973 1765 etl,
1001 1687 1061 1766 18,
1105 1705 1203 1772 quoru
1226 1686 1262 1747 in
1288 1707 1311 1747 cr

305 1795 470 1861 Uictories
493 1795 693 1878 repperisset
715 1794 803 1859 illud
826 1791 980 1878 Epicuri,
996 1791 1107 1858 uerbis
1127 1796 1274 1877 propriso
1293 1814 1311 1852 r

303 1902 532 1986 superscripsit
550 1903 774 1986 proprium.¹)
820 1901 935 1988 Imque
958 1921 1003 1965 ex
1036 1900 1099 1964 hoc
1130 1899 1242 1963 codice
1265 1919 1306 1960 ee

303 2023 371 2072 tom
404 2007 665 2085 conmemoreui,
705 2029 777 2093 quae
807 2021 864 2074 eut
886 2007 941 2071 'ed
981 2003 1239 2070 confirmandum
1273 2025 1311 2066 co

303 2113 518 2198 Erirrugeusis
542 2110 725 2177 eliorumue
742 2111 902 2178 bonorum
925 2113 1149 2176 testimouium
1173 2107 1311 2200 pertinei

302 2234 358 2284 uut
380 2219 448 2283 elio
471 2217 567 2282 motio
591 2220 675 2282 scitu
704 2220 805 2306 digno
833 2216 1049 2297 uidebantur,
1094 2239 1192 2303 quom
1213 2238 1311 2300 presse

303 2330 330 2388 is
353 2337 461 2402 esset,
507 2337 544 2386 ut
583 2336 700 2408 postes
736 2345 923 2410 exponam,
965 2324 1020 2409 qui
1050 2321 1142 2386 solus
1173 2326 1311 2410 perexig

303 2443 502 2494 crementum
526 2420 661 2493 feceret.

391 2537 459 2615 58.
506 2531 644 2598 Codices
665 2531 824 2599 librorum
850 2533 1020 2600 Ciceronis
1049 2534 1090 2600 dc
1114 2532 1253 2614 finibus,
1298 2557 1311 2622 c

302 2654 380 2727 quot
402 2643 473 2704 uoti
494 2653 590 2719 sunt,
621 2661 686 2704 uon
713 2663 772 2726 per
795 2641 941 2706 diuersas
966 2644 1086 2728 stirpes
1108 2640 1149 2708 ab
1172 2643 1275 2728 ipsius
1299 2639 1311 2706 i

300 2749 390 2810 uocis
433 2761 489 2812 eut
529 2767 701 2834 proxumos
737 2750 768 2810 ei
806 2751 913 2813 mtetis
947 2747 1196 2834 exemplaribus
1232 2771 1311 2835 perp

300 2853 438 2939 quadem
460 2856 669 2918 successione
691 2857 881 2942 propagati,
927 2855 986 2918 sed
1009 2877 1123 2920 omres
1141 2854 1184 2920 ob
1203 2877 1267 2920 uno
1288 2854 1311 2920 1<

297 2959 466 3025 inferioris
489 2962 596 3046 petatis
617 2959 723 3038 libro,
766 2962 800 3025 in
835 2982 898 3048 quc
922 2965 986 3026 ism
1011 2965 1131 3028 iniuria
1155 2965 1308 3045 temporis

300 3067 420 3131 fectum
446 3065 615 3131 Ciceronis
634 3065 723 3154 ¹opus
746 3080 837 3147 erut,
881 3071 945 3133 orti
967 3081 1055 3134 sunt.
1125 3067 1301 3134 Declersnt

297 3174 436 3258 primum
462 3175 678 3258 opertissume
700 3186 734 3238 et
757 3195 886 3239 ornnem
917 3175 1059 3260 negandi
1093 3172 1303 3240 dubitandioe

297 3281 384 3364 piem
416 3277 599 3344 excludunt
631 3302 820 3345 communes
850 3283 995 3346 omnium
1026 3281 1172 3346 codicum
1199 3280 1311 3348 lacuna

299 3383 473 3449 uerborum
495 3388 710 3470 omissiones,
757 3411 916 3454 maxumo
940 3391 974 3453 in
998 3387 1083 3454 libro
1101 3387 1136 3469 1,
1157 3389 1220 3470 22,
1240 3387 1297 3452 sed

317 3711 346 3781 ¹)
364 3707 557 3764 Bismeheec
577 3725 623 3764 res
642 3709 764 3784 decepit.
799 3711 871 3768 Num
889 3707 920 3777 i,
947 3715 979 3766 11
1005 3730 1065 3767 nou
1083 3729 1099 3766 c
1120 3708 1218 3766 codice
1234 3711 1311 3768 Uicto

364 3801 487 3875 sumpsit
512 3805 583 3876 quid
600 3833 633 3845 -
655 3811 773 3874 protem?
807 3805 876 3871 sed,
912 3821 999 3878 quom
1025 3805 1056 3859 in
1085 3804 1185 3860 codice
1210 3812 1311 3880 essetp

362 3895 453 3950 uerbo
467 3904 552 3968 putet
570 3897 775 3971 superscripsit
792 3918 836 3962 ru,
854 3904 887 3951 ut
905 3904 1004 3971 postes
1023 3897 1131 3962 curtim
1150 3895 1163 3951 l
1182 3915 1289 3970 quoquc
1308 3905 1311 3966 t

363 4005 433 4044 uera
464 3989 607 4062 scripturn
634 3991 729 4060 (iurem
752 3993 838 4046 ctione
864 3989 969 4063 ipsum)
999 3990 1104 4044 nititur
1132 3996 1238 4043 tentum
1270 3987 1311 4044 int

362 4082 471 4136 codicis
502 4079 689 4152 Erlnugcnsis
721 4091 750 4138 et
784 4102 834 4138 sun
860 4083 1050 4145 necessitrte;
1090 4080 1122 4135 in
1148 4081 1244 4137 codice
1265 4081 1311 4136 Uir

360 4189 446 4244 quom
482 4175 666 4230 omitteretur
699 4179 789 4248 ipsum
824 4177 922 4247 (ciuus
957 4165 999 4230 roi
1039 4174 1153 4246 signum
1185 4190 1243 4229 esse
1273 4174 1311 4228 liu

361 4264 425 4317 uoci
449 4265 480 4318 iu
495 4272 577 4322 textu
595 4269 782 4342 suppositam,
799 4269 927 4326 nondum
937 4266 1162 4340 intellegebant),
1172 4266 1311 4324 victorius

360 4369 411 4425 prs
432 4355 512 4410 mors
536 4362 656 4435 scripsit
674 4383 702 4422 s.
