2728 4878
330 317 388 384 ΕΤ
410 315 519 382 MAL.
542 314 625 382 LlB.
649 315 665 381 l
687 317 783 382 CAP.
805 321 837 381 o.
1087 323 1129 386 io

59 511 267 592 declinabunt,
296 513 383 578 aliae
403 535 463 577 suo
486 525 566 575 nuto
588 526 676 577 recte
701 513 864 590 ferentur,
901 513 1042 598 primurn
1065 517 1128 578 erit

59 620 107 683 loe
125 620 215 705 quusi
235 621 424 704 prouinciae
448 621 566 683 atomio
585 619 681 696 dere,
704 640 787 704 quae
809 629 915 698 recte,
936 641 1019 705 quoe
1043 619 1127 684 obli·

59 747 107 810 que
141 727 304 800 ferentum
350 725 468 789 deinde
504 727 618 790 eadem
657 723 717 788 illu
752 737 934 788 atomorum
975 726 1022 808 (in
1062 749 1127 812 quo

58 833 139 894 etiam
148 831 355 895 Democritus
371 831 511 913 haeret),
528 829 717 894 turbulento
735 832 905 895 concursio
922 829 1126 895 huncmuudi

58 949 186 1000 ornatum
211 935 349 1001 ecfieere
372 957 436 1000 nou
455 939 586 1021 poterit.
654 935 705 1000 Ne
729 934 811 1000 illud
836 936 965 1022 quidem
989 935 1126 1022 physici,

57 1043 170 1108 credero
193 1042 318 1130 aliquid
342 1065 414 1107 ease
440 1045 637 1117 minumum3
674 1043 758 1127 quod
783 1041 928 1127 prolecto
950 1065 1125 1128 numquam

58 1153 235 1230 putnuisaet,
262 1153 292 1214 si
316 1172 336 1214 a
357 1148 542 1234 Polyaeno,
571 1147 727 1212 familiari
749 1169 828 1228 suo,
854 1151 1054 1233 geometrica
1077 1149 1126 1212 di·

100 1331 335 1386 montaneorum
371 1330 421 1384 lior]
436 1329 510 1374 lteir
545 1329 728 1386 eudemone
756 1327 836 1384 etiam)
850 1331 926 1376 om.1·
954 1335 1061 1376 omatum
1079 1332 1124 1377 eci.

4 1455 5 1462 ἵ
59 1407 178 1462 epernss
204 1403 306 1466 phyalei)
324 1408 404 1453 onec
432 1406 584 1464 geometrice)
598 1405 965 1465 geometricamlrgeometrinm
975 1409 1089 1472 Melior.

59 1573 130 1626 tuine
145 1575 179 1628 ab
195 1574 327 1630 inatitulo
345 1591 428 1628 curru
442 1574 611 1628 deflectendi
628 1575 657 1628 in
677 1580 775 1646 aperto
795 1574 931 1630 orationis
948 1577 1125 1646 prometto),

60 1683 104 1718 non
121 1667 186 1720 aliua
204 1669 318 1738 generis
344 1665 380 1720 eit
407 1666 462 1719 hoc
488 1668 696 1730 anacoluthon,
732 1683 817 1738 quom
841 1685 926 1738 quom
950 1685 1002 1738 pro
1032 1668 1124 1721 altero

59 1773 99 1808 nec
115 1757 141 1811 iu
156 1757 340 1812 liaiunctione
359 1760 496 1830 negatiua
515 1759 573 1812 alio
592 1761 685 1812 torma
709 1760 907 1822 substituitun
944 1775 1032 1829 cuque
1049 1757 1124 1813 ratio

61 1855 126 1905 eene
146 1857 169 1904 et
192 1858 292 1921 aperto
320 1857 346 1904 at
364 1851 394 1904 in
413 1853 580 1912 Tusculi,
616 1851 670 1914 97,
707 1849 762 1906 uid.
783 1870 840 1908 exe.
862 1851 1022 1920 odim.
1056 1851 1123 1906 Mon

58 1947 142 2004 entur,
171 1950 200 1997 ut
217 1941 310 1997 tribur
328 1941 391 1997 aliia
410 1942 651 2009 ciceronianus,
672 1951 714 1997 ert
729 1945 840 2012 pondua
859 1949 885 1996 et
903 1943 1054 1996 inclinatio.

115 2033 204 2106 inquo
222 2037 307 2089 etiarn
325 2035 495 2089 Dcnrocritue
513 2035 611 2102 lauret)
651 2035 714 2088 Noa
738 2035 852 2088 uidetur
883 2035 994 2096 dicere,
1032 2035 1124 2104 iprum

58 2124 227 2182 Democritum
246 2127 448 2182 difficultatem
466 2127 625 2180 contessum
644 2141 721 2187 eoae,
749 2126 798 2178 reu
816 2125 845 2178 in
865 2141 899 2179 ea
919 2125 1125 2196 deprehensum

59 2221 337 2290 aaronexpediuiree.
394 2221 491 2290 Neque
516 2217 591 2272 enim
619 2217 767 2289 quicquum
793 2219 830 2271 ab
856 2235 889 2273 eo
915 2217 951 2271 al
976 2234 1039 2272 eam
1066 2219 1124 2272 aol-

60 2311 159 2365 nrndam
177 2313 364 2384 excogitatum
393 2311 516 2368 uidetur.
569 2311 681 2366 Lucret.
699 2315 743 2376 11,
778 2309 832 2366 167
858 2328 917 2382 eqq.
947 2312 1124 2366 adfirmando

60 2409 157 2472 pugnat.

115 2497 217 2549 turim
236 2496 345 2569 reliquid
365 2512 424 2549 cate
449 2495 608 2560 minumum)
642 2495 715 2548 Num
741 2494 867 2549 materie
893 2504 988 2568 parter
1015 2497 1123 2565 infinite

60 2589 173 2641 errari'ct
190 2589 280 2642 diuidi
292 2605 393 2656 poree,
432 2605 510 2656 poem
535 2593 606 2638 creet
631 2587 700 2640 ntttt
726 2587 832 2640 omnino
850 2589 879 2640 in
906 2607 998 2642 rerum
1021 2597 1122 2644 nutura

60 2679 190 2743 mirmur,
210 2683 284 2754 quod
303 2680 394 2733 diuidi
410 2679 535 2751 nequiret
560 2663 660 2746 (need.
688 2681 698 2732 l
709 2715 718 2741 ‚
738 2679 806 2748 27),
846 2681 933 2736 ceteri
958 2682 1122 2754 philosophi

59 2771 184 2835 terebant,
201 2791 288 2845 quom
307 2773 446 2837 uiderent,
466 2771 545 2826 nullo
564 2769 627 2824 iore
641 2772 669 2825 iu
689 2775 787 2826 eodem
806 2773 928 2828 motoria
946 2777 1060 2829 notione
1076 2773 1122 2829 iu-

57 2863 104 2918 tirti
119 2866 208 2935 aliquo
227 2868 309 2928 loco,
341 2866 418 2919 ultro
437 2881 519 2935 quem
537 2864 656 2935 procedi
678 2866 826 2920 diuidendo
846 2883 901 2920 non
920 2875 1020 2937 poaoet·
1054 2867 1123 2936 Epi-

59 2954 105 3006 ruri
127 2957 280 3013 doctrinam
308 2953 374 3027 (τὴν
404 2953 438 3014 εἰς
470 2951 582 3024 ἄπειρον
612 2953 700 3027 ronne
725 2958 770 3013 ἐπὶ
796 2952 937 3014 τοῦλαττον
961 2956 1122 3034 ἀναιρετέον,

59 3047 160 3117 Epinin
185 3051 265 3123 epist.
284 3051 320 3104 ari
340 3050 475 3105 Herodot.
497 3052 571 3121 upurl
590 3049 672 3121 Πίος.
693 3051 786 3104 Larini.
805 3050 852 3116 X,
870 3049 938 3117 56),
974 3050 1122 3105 Lucretius

60 3141 159 3210 optior
176 3143 198 3205 l,
215 3142 270 3201 529
288 3161 330 3212 aq.

112 3235 245 3304 Polyaeno)
273 3237 484 3306 Lampsaceno,
507 3234 554 3304 qui
576 3251 658 3304 quom
678 3249 797 3304 magona
818 3233 1117 3290 muthcrnaticno'luio·

59 3331 104 3384 ttt,
120 3335 230 3396 postea,
260 3329 385 3402 Epicuro
403 3332 537 3388 auctore,
556 3333 643 3380 totum
663 3323 851 3395 geometriam
869 3324 972 3378 soleam
992 3343 1050 3380 oeae
1070 3345 1119 3398 pu·

59 3415 120 3470 lauit
153 3421 236 3475 Acori.
256 3423 295 3484 ll,
313 3421 375 3476 1⁰6.
411 3419 579 3474 Nominatur
597 3415 767 3487 aliquotiens
786 3432 803 3469 a
821 3415 948 3486 Diogene
966 3419 1039 3473 inter
1053 3421 1119 3492 Epi-

59 3509 274 3566 curilaroiliarir.
329 3513 437 3567 Oderat
462 3511 601 3580 Epicurus
627 3510 828 3581 geometriam,
866 3529 924 3580 quta
954 3519 981 3566 el
1007 3513 1122 3566 eomuiie

58 3597 84 3648 le
102 3603 178 3656 rebus
197 3603 376 3659 naturalibus
391 3603 539 3658 obriotcrct
567 3610 594 3657 et
611 3601 744 3656 doctrine
763 3603 796 3654 dc
812 3603 937 3657 rensibus
955 3621 1010 3657 non
1035 3604 1118 3660 lellu-

57 3689 126 3748 tibur.

110 3790 286 3856 geometrico)
307 3791 389 3860 Quor]
408 3797 449 3844 ert
463 3790 491 3844 in
503 3790 575 3850 ert,
594 3787 758 3841 coniectura
777 3794 942 3858 reppererat
959 3795 982 3845 1.
1001 3791 1032 3843 F.
1048 3791 1122 3844 Gro-

57 3879 141 3933 aouiue
162 3881 296 3946 (Olorem.
315 3883 352 3945 ll,
371 3881 403 3951 2)
423 3885 652 3954 probaueratque
671 3880 817 3945 Bromium,
855 3899 939 3953 quoru
954 3881 982 3934 in
1001 3882 1123 3954 quinque

57 3967 116 4022 Poll.
133 3983 201 4028 earet
216 3975 422 4044 geometricum,
442 3983 473 4030 ut
490 3974 517 4029 iu
537 3971 609 4028 Uict.
625 3971 730 4025 coelice.
749 3970 881 4027 Duoioiue
900 3975 935 4026 tle
953 3973 1123 4028 suiaoorlici·

58 4059 98 4115 lot
114 4073 200 4128 taret,
232 4068 301 4123 011.
319 4067 405 4135 item3
443 4069 527 4122 Grion
546 4083 613 4120 auce
637 4066 785 4136 uolgatam
802 4063 1004 4119 ''mordicitus'’
1026 4071 1123 4120 tenore

58 4163 157 4218 narrat,
176 4160 266 4215 nescio
286 4177 343 4232 qua
363 4163 419 4215 une
436 4161 464 4215 io
485 4159 603 4221 ceteris,
619 4159 653 4212 rie
671 4159 732 4212 Eri.
754 4159 837 4216 laico.
882 4157 929 4210 Sic
947 4155 975 4208 io
994 4155 1078 4213 Tuon.
1097 4159 1122 4222 l,

57 4243 83 4297 57
97 4257 135 4304 cat
150 4253 315 4320 geometrica
332 4254 613 4358 diecere‚.multuque
633 4251 756 4308 eiusdem
775 4246 888 4320 generis
910 4245 980 4303 alibi
998 4255 1122 4317 (murico,
