2788 4886
471 287 723 358 onustato.
1077 255 1151 356 'rx

58 495 143 552 παις
163 493 190 556 ψ
209 471 367 538 uolumen
388 494 463 539 esse
491 488 641 563 quartum
665 475 787 540 codicis
810 494 829 537 e
851 475 994 560 quinque
1012 471 1152 539 uolanti-

57 579 163 645 nihus
195 584 396 662 constantis,
446 603 517 669 quae
556 580 733 646 Florentiae
769 601 789 642 u
824 577 974 666 pluribus
1007 578 1152 644 librariis

55 689 184 772 scripta
205 688 291 766 sint,
328 689 507 754 seeundum
535 707 564 752 a.
598 689 700 765 144⁷,
745 688 892 772 quintum
922 708 952 750 a.
974 687 1073 762 let&
1118 688 1152 751 iu

56 807 178 879 quarto
196 791 302 858 libros
330 795 371 859 da
404 792 613 882 philosophia
642 793 813 859 contineri.
873 791 920 856 Hi
949 793 1077 858 codices
1106 796 1153 859 ita

56 899 185 964 couleti
209 901 375 978 uidentur,
397 899 434 963 ut
456 903 509 981 iis,
533 921 604 986 quse
626 897 851 978 adfirmentur,
876 899 943 963 lero
966 899 1055 966 credi
1078 922 1153 985 pos·

58 1009 114 1085 sit,
137 1029 236 1093 quoru
257 1008 441 1090 presertim
459 1008 521 1070 uix
540 1005 628 1071 lectu
648 1005 801 1072 difficiles
821 1007 955 1070 luerint.
1005 1005 1070 1072 Sed
1089 1008 1155 1092 pri·

59 1135 152 1178 muru
175 1112 352 1178 uerborum
381 1113 461 1177 ordo
485 1133 643 1199 nusquam
669 1117 803 1179 omnino
826 1114 1020 1192 adnotatur,
1047 1135 1087 1177 oo
1107 1111 1155 1178 ihi

61 1221 206 1306 quidem,
219 1218 278 1283 uhi
294 1219 366 1283 eius
388 1220 568 1283 mutatione
586 1232 655 1285 totu
676 1221 839 1285 sententia
863 1218 930 1284 alia
951 1212 1000 1283 fii.
1039 1217 1154 1304 ltaque

64 1341 96 1390 et
117 1325 173 1405 ll,
202 1327 248 1389 24
269 1325 377 1389 editur
399 1323 519 1390 Loelt'u’
545 1328 708 1410 preclare
729 1347 835 1413 neque
860 1327 1032 1411 quiequam
1056 1326 1156 1390 eduo-

64 1444 151 1496 tetur
172 1442 206 1496 et
227 1430 283 1509 ll,
304 1433 366 1510 71,
387 1451 484 1517 quoru
507 1443 617 1496 uetera
639 1431 782 1496 editores
803 1433 1002 1519 posuissent,
1023 1430 1063 1495 de
1086 1453 1156 1496 rou·
1177 1469 1181 1478 ·
1282 1493 1285 1498 ,

68 1551 132 1601 tato
156 1537 230 1602 loeo
253 1535 349 1602 uerbi
367 1536 533 1616 oblinere,
576 1539 648 1601 sine
678 1559 742 1624 quo
768 1537 921 1624 intellegi
942 1537 1155 1624 interpolatio

69 1645 189 1730 nequit,
220 1642 306 1707 nihil
330 1643 497 1706 dixerunt.
545 1641 634 1720 Quin
656 1643 700 1722 V,
722 1647 766 1708 86
789 1666 885 1731 quoru
911 1643 1078 1726 Oliuetus,
1101 1667 1156 1710 ou-

71 1751 119 1812 ius
129 1749 308 1814 editionem
333 1749 540 1815 Oxouiensis
563 1752 722 1836 sequitur,
743 1750 902 1814 adsensus
925 1761 1024 1830 esset,
1046 1772 1157 1837 quem·

73 1855 239 1921 admodum
272 1877 337 1943 ego
358 1855 442 1936 feei,
478 1854 640 1920 Lambino
666 1866 699 1920 et
720 1855 822 1920 uerba
841 1865 879 1920 et
901 1862 951 1922 αὔ
973 1856 1157 1942 Theophra·

74 1971 138 2026 slus
157 1963 423 2050 transposuisset,
445 1983 489 2026 ex
512 1965 576 2048 ξχψ
599 1961 773 2026 adnotatus
798 1976 849 2026 est
872 1963 1051 2042 dissensus,
1072 1965 1158 2050 quod

76 2067 112 2131 ud
135 2081 235 2132 totam
256 2069 453 2132 seutentiam
475 2067 672 2152 pertinebat,
709 2089 754 2132 ex
778 2067 837 2134 EU
859 2066 940 2131 nihil
966 2069 1160 2147 ascribitur;

78 2195 145 2239 narn
165 2196 263 2262 quoru
286 2173 422 2238 totidem
446 2171 548 2238 uerba
569 2185 700 2253 esseut,
748 2171 830 2236 nihil
855 2176 1015 2238 interesse
1036 2174 1159 2240 iudica·

80 2293 138 2344 tunt
158 2295 200 2361 st,
219 2301 285 2367 quo
306 2278 380 2344 loeo
402 2292 522 2343 esseut.
570 2281 635 2346 Sed
659 2293 816 2366 praeterea
838 2282 1006 2363 suspicor,
1024 2284 1057 2345 iu
1080 2301 1161 2345 uon·

81 2385 231 2452 nullisex
255 2382 483 2450 hiseodieihus
505 2387 712 2451 conferendis
729 2407 792 2450 nou
814 2408 918 2473 pauca
931 2389 1053 2452 omissa
1074 2409 1159 2466 esse,

81 2515 226 2558 uraxurne
249 2491 380 2580 quidem
403 2493 436 2554 in
459 2489 490 2557 U
514 2505 547 2555 et
569 2510 608 2572 ψ.
655 2492 781 2558 Horum
804 2495 894 2579 prior
922 2515 942 2558 a
970 2495 1161 2558 recentiori·

82 2598 135 2666 hue
154 2596 337 2666 editoribus
357 2595 519 2661 interdurn
553 2612 685 2685 propter
711 2598 879 2664 silentium
905 2614 1019 2664 auctor
1042 2601 1161 2664 citatur

84 2707 144 2769 eius
162 2707 346 2790 scripturae,
370 2724 466 2789 quant
490 2706 523 2767 in
548 2725 588 2768 eo
611 2708 777 2788 expectari
801 2705 894 2770 nullo
916 2708 1013 2771 ruodo
1032 2708 1163 2792 patiun-

84 2825 128 2876 tur
154 2836 212 2892 ee,
255 2823 328 2898 quur
355 2811 583 2895 proferuntur,
626 2833 760 2898 prorsus
791 2815 900 2876 onmia
932 2821 1014 2891 euml
1036 2811 1161 2879 infimis

86 2917 237 2984 oodisihus
272 2919 504 3004 eouspirantie.
573 2917 622 2982 Eo
654 2941 751 3004 quom
774 2920 930 3000 adeodat,
972 2931 1008 2981 ut
1030 2939 1077 2981 ox
1099 2916 1163 2982 hoo

87 3025 181 3090 eodiee
202 3023 309 3089 rnulto
339 3027 510 3110 pauoiores
537 3027 706 3108 scripturas
732 3048 827 3112 quarn
851 3047 897 3089 ex
920 3023 990 3089 ullo
1014 3021 1082 3087 elio
1105 3023 1162 3086 orl·

87 3145 240 3210 notentur,
265 3144 299 3195 et
319 3145 356 3196 ut
378 3131 479 3196 daeo
501 3153 558 3218 per
579 3142 665 3193 totas
689 3135 827 3218 paginas
849 3129 1018 3195 silentium
1043 3129 1106 3206 sit,
1128 3131 1162 3192 in

14 3269 16 3299 t
88 3237 190 3322 quihus
213 3235 519 3325 plaueiueredihilo
534 3250 566 3300 st
584 3257 660 3301 euru
678 3241 885 3302 consensisse
902 3257 977 3301 oum
1003 3244 1164 3298 eontextu

90 3342 199 3409 Oliusti
220 3343 366 3430 undique
390 3343 549 3424 oonllato,
571 3343 724 3426 adparet,
769 3343 845 3430 quid
868 3344 918 3406 rei
937 3343 992 3404 sit.
1005 3341 1035 3421 ¹)
1099 3338 1164 3402 Sed

92 3450 162 3514 idern
184 3451 304 3515 eeeidit
333 3452 368 3513 in
400 3463 448 3530 ψ,
491 3471 509 3513 e
531 3450 692 3535 quoinde
714 3447 756 3513 ah
780 3447 794 3513 l
819 3454 837 3529 ς
863 3449 907 3512 52
931 3448 1083 3529 (ingenio
1105 3463 1165 3527 pro

93 3557 201 3640 ingess)
223 3553 318 3621 nulla
341 3557 503 3644 profertur
525 3559 687 3643 scriptura
710 3577 814 3643 usque
838 3555 880 3619 ad
903 3553 983 3634 §⁰2
1006 3555 1167 3632 (migrare

97 3729 308 3745 —

113 3851 135 3920 ι)
151 3851 255 3906 suctu
273 3845 310 3900 de
328 3844 385 3901 hoe
402 3846 501 3904 codice
518 3847 620 3906 iudea
645 3847 713 3902 lihr.
731 3843 764 3908 l,
799 3847 864 3899 liet
890 3833 1042 3915 miserendi
1065 3829 1169 3897 &fail-

149 3945 234 4017 ςιιώ·
249 3941 287 3996 ed
310 3941 414 4010 ⁶(Ao
436 3941 550 3996 illinon
572 3942 642 4010 ne),
680 3959 697 3994 e
717 3941 735 4006 5
753 3942 788 3991 12
806 3925 1027 4005 (neeleamites)
1047 3920 1084 3972 “l
1102 3923 1118 3983 S
1139 3924 1172 3972 1⁸

150 4039 203 4106 (hie
217 4053 272 4109 pro
291 4033 385 4102 nisi),
420 4033 524 4090 deiude
541 4033 578 4088 eh
595 4033 650 4087 hee
671 4031 816 4104 scripture
835 4023 873 4077 ad
892 4021 1028 4073 lacunam
1044 4011 1076 4114 iu
1094 4013 1173 4114 §.²22

152 4135 233 4182 lune
251 4132 270 4195 ς
286 4131 324 4182 23
344 4127 478 4196 (seirent)
505 4127 542 4181 sd
569 4130 587 4194 5
612 4131 649 4179 2⁵
672 4127 781 4196 (neque
798 4135 869 4172 oeno
893 4103 1006 4169 Tretos
1041 4099 1175 4154 fllmhler

152 4223 191 4288 (ut
212 4220 307 4277 raedis
334 4219 566 4294 pretermittens)
591 4237 608 4274 a
633 4221 651 4285 s
675 4221 713 4270 56
738 4203 893 4285 (afferret)
922 4195 960 4249 ⁸¹¹
983 4195 1000 4258 3
1026 4197 1058 4246 ⁰¹
1087 4193 1176 4260 (m-

154 4315 247 4384 onst).
906 4335 909 4339 ·
