2728 4878
257 317 318 380 12⁴
606 311 667 376 tn:
689 308 865 377 mutnus
888 307 990 376 Bou.

257 509 318 574 bus
340 503 563 592 conprobauit.
610 505 707 582 Quod
732 528 828 592 quum
854 527 1008 592 magnum
1030 505 1091 581 sit,
1131 499 1227 565 lictae
1256 517 1333 564 nete

257 635 328 680 rum
351 611 481 676 tabulae
511 610 694 690 deciscunt,
718 615 752 676 in
776 611 893 698 quibus
912 627 978 675 tum
1001 608 1112 674 multis
1136 623 1265 693 tumque
1285 630 1333 670 uu

256 724 327 798 riis,
352 714 392 782 ab
410 717 534 781 ultnnru
554 720 747 804 antiquitate
764 721 924 804 repetitis,
944 721 1006 781 trin
1022 719 1082 780 uix
1099 717 1273 778 amicorum
1286 737 1333 798 pn

257 831 306 893 riu
333 828 557 912 reperiuntur,
601 835 637 886 ut
666 825 706 888 ud
737 823 889 888 Orestem
920 826 1093 910 peruenias
1123 821 1283 907 profectus
1331 845 1333 880 ι

258 933 401 999 Theseo.
450 931 495 995 At
514 951 593 993 uero
619 930 779 1015 Epicurus
804 951 866 994 unu
888 931 923 993 iu
944 931 1058 1008 domo,
1099 941 1131 992 et
1154 949 1194 990 eu
1216 925 1333 1012 quiden

257 1051 414 1127 angusta,
463 1057 559 1122 qnam
591 1057 727 1122 magnos
752 1049 936 1122 quanteque
961 1037 1081 1100 umoris
1106 1033 1333 1119 conspirationi

259 1145 492 1212 consentientis
530 1145 634 1206 tenuit
666 1145 844 1206 amicorum
872 1143 1007 1230 greges!
1057 1141 1144 1226 quod
1171 1136 1208 1202 fit
1245 1140 1333 1201 etian

257 1275 342 1318 nunc
365 1249 405 1314 ab
428 1247 608 1332 Epicureis.
664 1248 731 1313 Sed
752 1249 792 1312 ud
815 1271 883 1312 rem
906 1251 1097 1324 redenmns;
1143 1246 1183 1308 de
1206 1243 1334 1308 homini

256 1359 317 1424 bus
342 1357 405 1420 dici
430 1373 495 1416 non
513 1367 709 1420 necessest.
756 1359 808 1419 66.
840 1353 962 1420 Tribus
990 1357 1091 1442 igitur
1112 1352 1218 1416 modis
1247 1351 1334 1414 uidet

256 1490 276 1530 u
298 1463 417 1528 nostris
441 1480 513 1522 esse
533 1459 573 1522 de
596 1461 738 1526 amicitia
757 1463 969 1548 disputatum.
1036 1457 1126 1537 Alii,
1168 1479 1262 1545 quoru
1284 1475 1334 1518 ent

255 1569 454 1652 uoluptates,
473 1586 555 1650 quae
574 1565 613 1628 ad
634 1569 757 1631 amicos
780 1572 991 1653 pertinerent,
1012 1577 1170 1651 negarent
1191 1585 1262 1627 esse
1283 1585 1334 1646 per

257 1691 293 1734 se
325 1672 414 1756 ipsas
447 1683 511 1733 tam
547 1671 768 1756 expetendus,
816 1696 911 1759 quam
943 1685 1071 1736 nostrus
1099 1683 1334 1754 expeteremus

256 1798 320 1862 quo
343 1775 415 1838 loco
437 1777 566 1840 uidetur
589 1775 781 1862 quibusdum
805 1779 969 1844 stabilitus
992 1779 1156 1842 urrricitiue
1171 1773 1334 1850 ueciilereq

256 1893 387 1946 tuentur
405 1894 513 1946 tumen
538 1905 614 1946 eum
636 1882 764 1963 locum,
786 1906 887 1971 seque
910 1883 1019 1960 facile,
1041 1895 1076 1944 ut
1099 1882 1178 1946 milri
1201 1881 1334 1956 uidetur.

308 2074 467 2132 uouprobsult)
482 2077 653 2132 comprobetur
666 2078 688 2122 Β
737 2078 802 2132 Quod
816 2080 894 2136 quun)
909 2074 1092 2134 quemqueen
1137 2074 1240 2130 tumque)
1255 2071 1334 2117 rens

254 2149 393 2205 lmruiuibus)
408 2153 519 2196 omullus
532 2153 643 2198 ustrou
710 2156 744 2200 tt.
759 2155 841 2211 igitur)
855 2167 912 2212 ergo
928 2152 949 2195 ll
993 2149 1107 2194 snostris
1122 2151 1187 2204 esso)
1201 2163 1280 2194 euers
1297 2161 1334 2190 no·

254 2228 315 2271 strts
329 2227 482 2272 nrmcnor.
510 2229 666 2286 pertinerent)
678 2231 839 2286 pertinentis
867 2229 923 2276 milti
938 2227 1039 2279 uidetur)
1053 2229 1171 2272 uidentur
1181 2225 1242 2270 ssdll
1254 2226 1273 2269 1.

253 2390 387 2446 tionibus.
418 2391 512 2462 Igitur
528 2393 558 2446 iu
578 2393 673 2464 mgiue
692 2395 768 2448 Cret.
789 2400 818 2448 et
835 2413 850 2448 e
868 2397 929 2450 eorl.
950 2393 1024 2448 Uict.
1044 2393 1203 2448 sduotutur.
1250 2393 1292 2446 lle
1308 2409 1334 2444 rr

253 2485 344 2537 multu
363 2491 462 2537 narret
480 2483 619 2554 Diogenes
637 2485 676 2546 X,
696 2485 724 2547 9,
742 2505 800 2557 sqq.

323 2575 379 2627 triu
398 2576 446 2627 uir
462 2577 609 2629 amicorum
622 2579 716 2644 peria)
753 2579 820 2631 Lei.
837 2577 887 2631 152
926 2578 1048 2632 omuibus
1075 2575 1184 2630 seculis
1211 2577 1258 2628 uir
1284 2575 1335 2628 triu

254 2671 304 2718 urst
331 2671 461 2734 quattuor
485 2668 660 2720 nominantur
681 2671 768 2737 perio
792 2670 956 2735 amicorum
991 2669 1107 2724 tertium
1141 2664 1212 2720 illud
1240 2675 1335 2736 preter

253 2757 397 2811 Theseum
418 2765 446 2812 et
466 2757 625 2813 Pirithoum
645 2767 673 2812 ct
691 2762 819 2814 Orestem
840 2767 924 2831 utque
942 2763 1080 2832 Pyladem
1098 2766 1139 2814 est
1157 2757 1278 2812 dcltillis
1296 2766 1335 2812 st-

253 2867 306 2919 que
327 2849 470 2918 Patrocli3
494 2851 551 2906 triti.
571 2852 648 2907 Plut.
664 2855 699 2906 de
717 2850 798 2905 eruic.
817 2852 960 2906 multitud.
979 2873 1002 2908 c.
1020 2853 1037 2906 2
1057 2873 1085 2923 p.
1101 2851 1137 2907 98
1154 2853 1198 2913 E,
1216 2851 1335 2918 Lucium

253 2942 358 2997 Torur.
378 2958 402 2996 c.
421 2943 464 2998 1⁰.

321 3053 377 3088 rsnu
394 3037 422 3088 s'n
440 3034 532 3103 domo)
551 3034 636 3089 Horti
654 3042 718 3089 sunt
743 3037 882 3108 Epicuri,
919 3057 987 3109 quos
1006 3043 1175 3094 testamento
1194 3033 1335 3106 discipulis

251 3127 385 3198 reliquit,
408 3127 510 3198 quique
529 3111 831 3193 ue'ttbulienurentur⁸
852 3131 994 3186 Ciceronis
1013 3139 1140 3204 tempore
1158 3129 1293 3183 Plredrns
1310 3131 1333 3176 tl

250 3217 337 3272 Petro
356 3235 472 3289 operum
492 3221 645 3286 dederunt3
664 3221 720 3274 uid.
740 3224 775 3276 ud
794 3224 896 3278 remit.
917 3223 994 3290 lllll,
1013 3225 1039 3278 1.

268 3307 274 3322 ¹
321 3309 355 3360 de
373 3310 537 3380 dominibus)
556 3313 602 3367 Sic
622 3313 706 3368 etium
727 3315 789 3368 l’ul.
810 3315 843 3379 1,
882 3313 977 3387 Spin,
1003 3315 1063 3372 cod.
1083 3312 1181 3368 Gitoni
1201 3313 1245 3381 (iu
1266 3315 1328 3368 Bur·

251 3399 348 3452 menni
375 3400 448 3470 syn.
471 3405 558 3474 Epist.
586 3405 612 3458 ll
635 3426 663 3476 p.
689 3405 774 3473 wilk
809 3409 897 3462 ceteri
924 3408 1056 3462 ruendum
1075 3412 1264 3478 perunguturn
1285 3407 1332 3457 lm-

250 3493 327 3545 beni.

323 3579 423 3635 ‘l'rs'dus
442 3583 530 3652 igitur
548 3587 649 3654 modis)
680 3587 755 3659 ldrgo
775 3595 831 3644 tres
853 3590 922 3644 (lei.
954 3590 1032 3642 diter
1050 3589 1150 3642 modus
1178 3589 1334 3660 explicetur

250 3677 264 3744 5
282 3674 318 3729 69
338 3673 422 3740 (Sunt
439 3681 530 3728 eutem
548 3679 688 3748 quidum),
717 3681 816 3736 tertius
839 3683 904 3752 §7⁰
921 3683 1006 3752 (Sunt
1024 3687 1131 3744 autem,
1151 3681 1199 3752 qui
1220 3682 1332 3740 dicunt).

249 3769 292 3821 lle
312 3765 439 3820 oratione
466 3765 494 3820 in
522 3785 591 3822 uoce
616 3772 669 3823 elii
691 3771 849 3843 interrupte
869 3774 926 3828 uid.
955 3791 1012 3829 exc.
1038 3775 1073 3826 ud
1100 3774 1114 3841 l
1142 3771 1184 3826 23.
1238 3771 1332 3828 Primo

249 3858 388 3912 sententis
406 3857 518 3928 Epicuri
535 3860 622 3932 ipsius
641 3869 702 3916 erut
721 3865 780 3930 (ll,
806 3863 854 3931 82)
874 3882 962 3936 euque
979 3863 1221 3920 constantissumu.
1258 3865 1331 3916 Idem

249 3951 320 4004 stibi
340 3951 475 4004 docuerut
494 3951 587 4025 (Diog.
610 3955 652 4018 x,
670 3953 751 4018 lwlr
789 3953 837 4025 τὴν
855 3957 948 4030 φιλίαν
964 3955 1009 4013 dui
1026 3955 1074 4014 sois
1091 3961 1178 4028 χρείας
1200 3959 1330 4026 γίνεσθαι·

250 4039 307 4098 δεῖν
318 4047 409 4114 μέντοι
427 4043 670 4118 προκατάρχεσθαι·
687 4052 733 4101 sul
750 4043 801 4117 yrip
817 4046 866 4118 τήν
882 4047 931 4120 γῆν
945 4054 1095 4121 σπείρσμον·
1114 4053 1287 4105 συνίστασθαι
1305 4042 1330 4098 ὃὲ

248 4129 329 4203 uti-tr>
345 4133 414 4191 sosoi
434 4141 573 4192 suevoniae
588 4135 617 4192 ἰν
634 4137 693 4195 reis
714 4134 834 4207 ἡδοναῖς.

317 4243 369 4294 quo
396 4229 455 4282 loco
476 4231 585 4284 uidetur
609 4261 644 4270 -
662 4237 773 4284 tuentur
791 4237 880 4284 tomen
899 4233 973 4300 eum)
1009 4233 1098 4287 llccte
1128 4249 1242 4302 prorsus
1260 4231 1328 4284 intur

247 4333 276 4371 sc
295 4317 455 4374 reseruntur
474 4341 526 4393 quo
548 4328 576 4380 ct
595 4341 668 4389 eum,
687 4342 739 4380 nuc
758 4341 809 4392 quo
827 4322 991 4396 adiungitur
1012 4325 1046 4380 sd
1066 4326 1267 4396 praedestin
1302 4321 1325 4372 5¹¹
