2788 4886
313 289 458 358 xxxtt
731 287 988 357 PRAEFA'I'IO.

314 487 521 575 perspicitur,
544 481 712 550 meliorem
734 497 861 570 partem
883 483 1084 572 seqnitur,¹)
1107 485 1181 568 ssd,
1205 485 1274 552 nbi
1301 509 1324 552 a

315 594 444 659 codices
465 591 645 656 doteriores
669 612 742 656 cnm
767 590 960 656 melioribus
989 593 1222 678 conspirantes
1251 594 1326 658 dec]

313 703 348 766 iu
369 701 542 765 deterioris
563 698 698 764 familiis
728 699 875 786 principe
899 697 1037 763 eandem
1065 701 1275 784 scripturum
1314 701 1326 763 t

315 830 355 874 uc
375 819 489 893 postes
508 806 639 870 demum
660 817 845 892 corruptam
869 825 962 885 esse,
1002 803 1050 869 ibi
1073 826 1159 893 sscpe
1183 805 1243 870 bis
1270 809 1326 870 adi

315 925 387 992 tur,
412 935 432 978 a
454 909 647 978 Coloniensi
671 923 704 976 et
725 910 874 976 Romane
895 911 1088 992 discedens,
1111 925 1148 976 nt
1173 911 1205 992 1,
1230 915 1281 977 2⁵
1305 917 1326 992 6

314 1041 393 1086 uero
414 1024 477 1103 tu).
505 1018 710 1083 Peucissnmi
724 1015 802 1098 ioci,
819 1019 876 1105 qui
889 1017 1036 1082 melioris
1051 1019 1173 1083 codicis
1192 1039 1326 1084 usum«

313 1127 391 1192 dero
412 1127 576 1203 uidentur,
598 1124 759 1188 eiusmodi
780 1137 876 1204 snut,
920 1135 957 1194 ut
988 1121 1029 1190 ub
1059 1123 1196 1190 homine
1226 1126 1326 1191 doctu

315 1245 412 1298 utute
436 1234 623 1298 coniectura
652 1231 820 1297 emendari
847 1232 995 1317 potuisse
1019 1230 1118 1297 facile
1141 1232 1290 1312 credas,

315 1341 357 1404 51
380 1352 414 1404 st
433 1341 487 1416 oo,
509 1339 606 1422 idque
628 1357 761 1424 prorsus
783 1337 918 1424 adparet
941 1338 974 1402 in
1002 1337 1147 1419 cnloco,
1171 1341 1232 1425 qui
1256 1362 1326 1405 rua:

171 1441 185 1466 ⁹
316 1449 449 1526 eminet,
473 1445 517 1525 V,
539 1445 591 1509 10.
638 1441 724 1509 Num
748 1443 910 1509 eiusmodi
934 1441 1058 1530 aliquid
1083 1445 1293 1526 desiderari,
1321 1473 1326 1506 ι

316 1554 461 1617 additum
484 1550 538 1615 hic
562 1563 628 1616 est:
651 1556 868 1616 etiamsinon
890 1545 1095 1635 adipiscare,¹
1112 1552 1164 1631 ei,
1192 1555 1253 1638 qui
1277 1553 1321 1616 ad

316 1660 452 1723 tentiam
475 1657 686 1737 adtenderet,
710 1679 775 1722 uon
798 1653 977 1721 difficulter
1000 1658 1035 1722 in
1060 1671 1205 1724 utentem
1232 1661 1327 1722 uenit

317 1767 346 1829 si
371 1763 515 1829 codicem
542 1762 690 1828 melioris
719 1761 853 1828 familie
874 1761 980 1828 editor
1002 1761 1189 1844 habuisset,
1233 1786 1326 1850 posu:

316 1870 402 1958 quod
419 1891 483 1955 ego
505 1891 547 1934 ox
559 1867 768 1957 Erlangensi.
809 1869 853 1932 Et
871 1869 1058 1936 emendsuit
1076 1869 1184 1936 editor
1208 1873 1326 1936 couiec

317 1976 403 2064 qnod
424 1974 547 2064 legitur
571 1977 605 2040 in
630 1974 784 2041 omnibus
807 1973 974 2040 codicibus
995 1975 1049 2058 11,
1093 1979 1137 2044 78
1159 1979 1287 2044 nullust
1313 2001 1326 2042 s

304 2086 358 2151 47
379 2087 414 2150 in
437 2081 588 2148 otnnibus
609 2095 728 2169 prester
750 2081 802 2148 ΕΙ.
823 2081 873 2170 (2)
898 2103 919 2146 a
938 2082 1115 2168 dignitate.

405 2189 550 2255 Multum
578 2191 700 2256 iactata
730 2202 761 2254 st
797 2191 1070 2280 conmemorando
1102 2211 1209 2277 nuper
1238 2190 1275 2255 Ρ.
1305 2189 1326 2255 b

206 2381 213 2392 ι
316 2298 437 2374 editio,
466 2317 563 2382 quum
589 2317 686 2381 quoru
712 2293 916 2360 Goercnains
940 2297 1069 2383 magnis
1090 2293 1245 2362 laudibus
1267 2311 1326 2362 ext

315 2415 367 2468 set
390 2423 451 2466 neo
476 2415 585 2466 tamen
609 2401 854 2482 descripsisset,
899 2403 999 2468 etiam
1031 2401 1286 2484 dubitaturum,

316 2507 385 2573 ulla
403 2519 491 2572 esset
511 2509 657 2572 omniuo.
697 2506 819 2574 Postea
843 2531 915 2574 eant
938 2510 1110 2596 descripsit
1131 2511 1169 2574 F.
1201 2507 1325 2575 (16.1

315 2614 381 2695 tel,
425 2613 575 2700 gymnasi
597 2611 844 2680 Zuiccuuieusis
871 2628 980 2682 rector
1004 2617 1062 2704 (dc
1083 2613 1249 2682 codicibus
1279 2626 1315 2680 et

316 2721 460 2788 tionibus
481 2724 619 2784 uetustis
650 2716 796 2783 biblioth.
829 2720 995 2789 Ztriccou.¹
1016 2729 1139 2807 portic.
1168 2722 1243 2803 W,
1288 2723 1325 2786 Zs

317 2832 415 2913 1886)
446 2839 575 2892 etcum
605 2822 714 2889 Orelli
739 2826 895 2912 exemplo
920 2827 1114 2908 contabui)
1184 2827 1237 2892 Ex
1267 2826 1325 2892 boo

316 2935 426 3016 bello,
468 2952 663 3021 quamquam
692 2929 804 2996 multis
834 2933 964 3000 indiciis
995 2935 1076 3002 mibi
1099 2947 1289 3014 certumst,

315 3065 443 3109 sumtus
463 3039 638 3127 diligentia
660 3041 927 3124 conputationem
950 3040 1133 3108 institutam
1157 3062 1239 3122 esse,
1258 3043 1325 3128 prin

338 3323 365 3390 ¹)
384 3315 413 3382 1,
432 3320 446 3370 l
467 3333 524 3370 uon
539 3315 572 3370 id
589 3322 717 3378 tautum,
753 3317 770 3368 o
788 3313 931 3379 dicerent,
949 3321 968 3369 7
985 3333 1036 3371 uec
1054 3317 1143 3379 euim,
1162 3317 1274 3370 ibostis
1292 3317 1324 3370 dt

384 3413 417 3463 10
434 3408 483 3462 ttcl
500 3409 595 3472 nobit,
615 3411 648 3462 16
666 3411 712 3463 bt'c
728 3409 805 3471 atti,
825 3411 858 3462 19
876 3410 1124 3471 emendationes,
1142 3411 1176 3461 26
1192 3427 1293 3482 quoquo
1311 3431 1324 3464 u

382 3503 461 3556 modo
479 3503 508 3553 ei
526 3499 595 3555 ibid
621 3503 721 3556 meliert
738 3501 840 3556 stettin
857 3502 990 3574 quaestion
1008 3499 1060 3556 dec.
1070 3539 1080 3564 ,
1115 3505 1151 3554 tit)
1172 3502 1289 3556 iudicari
1310 3523 1324 3555 u

380 3602 488 3666 praten
505 3596 589 3649 mian
607 3593 671 3658 dtu,
688 3596 724 3648 34
741 3600 828 3666 utque
845 3594 1006 3658 turbentur,
1027 3601 1177 3667 ceteraque
1192 3594 1282 3648 eodem
1294 3613 1324 3648 no

334 3693 364 3759 ²)
384 3687 603 3742 Commentariis
620 3687 651 3740 Ρ.
670 3685 760 3740 Marsi
779 3685 987 3741 subscribiturr
1017 3683 1067 3740 ’'P.
1085 3684 1196 3740 Marum
1212 3703 1324 3758 recogno

383 3781 434 3834 bat
451 3784 481 3834 et
498 3779 649 3834 enarrabat
668 3779 722 3833 An.
742 3777 799 3842 Sui.
827 3775 950 3832 MDXP
981 3778 1054 3849 (quo
1079 3783 1203 3850 tempore
1226 3778 1250 3832 ir
1267 3797 1324 3850 gran

383 3891 436 3928 nos
454 3871 535 3940 tuit).
571 3869 629 3927 Sed
655 3871 677 3926 ii
696 3871 903 3934 commentarii,
922 3875 1041 3924 cursntc
1056 3877 1124 3942 post
1141 3877 1251 3925 mortens
1266 3872 1324 3923 risu

383 3966 497 4029 mano,
515 3963 612 4021 fratris
631 3965 704 4033 lilio,
721 3962 851 4018 Uenetiis
870 3966 940 4016 1527
957 3959 1085 4017 adiuncti
1102 3968 1170 4015 sunt
1185 3961 1292 4016 editioni
1310 3963 1324 4036 ι’]

383 4077 448 4114 rum
473 4057 622 4113 Ciceronis
638 4055 797 4121 librorum,
835 4056 883 4111 cni
917 4053 1052 4129 prefuit,
1088 4059 1165 4108 certe
1188 4054 1309 4127 protenus

384 4155 474 4212 Lucas
492 4153 607 4228 qrridarn
631 4150 785 4213 Psnetius,
818 4147 869 4222 qui
893 4165 924 4202 se
942 4145 1063 4203 conlutis
1081 4145 1273 4220 sxennpieribus
1288 4163 1324 4200 ms

384 4248 500 4319 scriptis
521 4247 612 4302 libros
631 4241 834 4316 recognouissc
852 4246 992 4304 testatur,
1027 4245 1061 4294 ut
1079 4239 1136 4294 ism
1154 4239 1274 4314 udpsrrre
1288 4239 1323 4292 uit

387 4346 443 4402 tur,
461 4338 550 4395 Marsi
569 4340 644 4395 salso
663 4341 828 4396 contextum
848 4330 993 4404 appellari.
