2720 4878
312 310 371 375 ΕΤ
394 307 503 376 Man
526 307 610 375 LlB.
633 309 665 374 11
688 309 783 376 CAP.
805 315 835 375 ².
1056 316 1113 377 141

50 523 77 570 et
97 505 133 570 ad
155 508 280 570 exituro
303 509 479 593 perueniri.
550 505 659 582 Quom
682 509 776 570 eninr
802 505 904 569 fertur
929 511 1022 591 quasi
1045 523 1117 576 tor-

49 634 115 676 rens
132 613 252 692 oratio,
295 615 444 699 quamuis
468 610 573 676 multa
594 612 839 697 cuiusquemodi
863 613 986 698 rapiat,
1033 615 1117 680 nihil

49 733 142 781 tamen
164 731 297 798 tensas,
340 717 424 782 nihil
454 717 697 804 adprobandus,
745 738 904 803 nusquam
935 724 1115 787 orationem

49 824 178 908 rapidam
208 833 370 888 onerosas.

123 929 237 993 Omnis
268 941 377 994 aurern
409 931 442 992 in
466 927 672 1014 quaerendo,
716 951 798 1014 quae
824 931 879 993 uia
911 929 1048 1014 quadarn
1082 943 1115 995 ot

49 1037 158 1098 ratione
202 1034 364 1115 babetur,
408 1038 535 1114 oratio,
577 1035 800 1121 praescribere
832 1037 972 1120 primunr
1007 1036 1115 1115 debet,

48 1153 76 1200 ιι
95 1139 280 1225 quibusdam
306 1144 339 1204 in
361 1140 529 1206 formulis:
559 1161 597 1202 ιιι
618 1161 673 1202 aas
693 1161 832 1219 serron,
853 1153 908 1219 ut,
929 1143 1015 1206 inter
1035 1165 1115 1230 quos

92 1321 267 1379 miroquesrodb
281 1324 453 1370 euremaro
489 1321 661 1381 adprobandus)
674 1335 739 1378 repr.
755 1323 776 1366 E
810 1327 835 1366 ot
848 1322 950 1378 rstioue)
964 1329 989 1368 st
1003 1327 1116 1370 oratione

50 1395 65 1438 Ε
93 1398 167 1452 oratio)
182 1407 208 1444 st
222 1401 321 1447 urant}
348 1399 382 1454 iu)
397 1413 441 1446 oru.
455 1401 476 1444 Ε
500 1401 594 1458 egetur)
608 1401 694 1458 uitur
709 1397 748 1444 Pb
763 1405 854 1456 sgstsr
869 1399 982 1444 monor.

107 1555 130 1608 d.
164 1557 192 1608 s's
211 1556 373 1626 querendo)
392 1557 421 1610 id
442 1563 499 1620 ost,
537 1572 622 1625 quom
641 1554 776 1623 quaritur
793 1554 828 1608 de
848 1555 945 1624 aliqua
966 1573 1007 1608 re.
1041 1555 1116 1610 Miro

53 1643 172 1712 bonisios,
193 1648 270 1717 qood
287 1645 388 1703 listina
404 1667 461 1703 nou
480 1647 622 1702 diceretur
633 1647 721 1700 oratio
739 1648 935 1719 inquerendo,
954 1647 1044 1702 deteri
1056 1650 1115 1702 beo

54 1739 158 1792 ootrbot.

110 1837 135 1882 ut
153 1830 313 1902 posbusdorn
331 1829 359 1883 in
372 1831 520 1895 formatior
557 1850 590 1886 eo
609 1850 653 1886 res
671 1835 785 1902 agetur)
823 1833 854 1886 [ιι
883 1832 1005 1901 optumis
1034 1835 1114 1889 codd.

53 1919 180 1975 exciditis
197 1927 305 1993 postus
323 1922 436 1992 (pretor
453 1923 515 1977 Eri.
535 1923 563 1978 iu
583 1925 674 1995 Spin,
700 1925 774 1978 Gud.
793 1923 827 1988 2,
846 1923 963 1992 opinor,
980 1925 1066 1980 atinus
1086 1925 1115 1978 in

53 2011 102 2065 Psi.
120 2015 150 2079 13
174 2019 251 2068 nerto
269 2013 309 2066 sie
331 2015 522 2085 proscriptum
542 2023 613 2071 note
635 2015 770 2079 Grutari,
788 2015 817 2068 in
836 2017 894 2085 qua
911 2014 988 2080 dicit,
1006 2033 1037 2069 se
1055 2017 1116 2070 eius

53 2104 199 2176 scripturam
217 2105 401 2175 expressisse,
420 2105 471 2162 etsi
487 2107 516 2160 iu
536 2115 668 2162 contestu
686 2107 775 2161 babet
793 2109 852 2172 in),
869 2108 918 2160 sed
937 2109 1010 2178 quod
1030 2104 1116 2162 Gaius

54 2195 108 2250 dicit
123 2215 152 2250 ιι
169 2195 264 2252 omitti
281 2198 308 2250 in
328 2197 420 2269 Spin,
438 2200 518 2266 Erb,
537 2201 612 2255 (iud.
631 2199 657 2265 2,
676 2201 761 2264 Bas„
780 2199 893 2254 tollitur
912 2199 947 2252 do
968 2201 1027 2253 Erl.
1049 2205 1116 2267 (nou

56 2305 80 2340 rs
94 2290 196 2344 siieutio
214 2291 269 2344 boo
292 2289 395 2355 enisio)
407 2275 461 2344 ⁸oui
480 2311 565 2362 quoru
583 2294 644 2347 Pal.
666 2293 682 2344 l
701 2291 872 2357 consentiet,
913 2293 998 2346 ualde
1017 2293 1052 2345 de
1070 2310 1116 2346 ro-

55 2379 108 2434 teris
123 2383 233 2449 dubito,
258 2383 294 2435 do
312 2380 384 2450 Spir.
404 2401 518 2452 prorsus
536 2401 591 2438 non
610 2384 717 2438 dubito.
755 2383 830 2438 Hine
849 2394 942 2438 tsruon
963 2384 1050 2438 Gaius
1069 2402 1115 2438 ec-

56 2471 121 2526 tooitr
139 2475 214 2528 debet
231 2476 279 2542 (ot
296 2474 458 2546 quibusdum
471 2476 603 2542 formulis
622 2494 666 2528 res
684 2481 820 2546 agatur),
840 2482 871 2528 ut
889 2477 960 2530 inter
981 2475 1052 2542 con,
1071 2495 1116 2531 so-

56 2581 124 2630 qoons
140 2566 222 2622 simui
243 2563 417 2622 deteriorum
442 2567 612 2637 scripturam
630 2574 735 2637 agutur
759 2569 849 2637 (rari.
869 2575 969 2638 preter
993 2570 1026 2633 1,
1044 2569 1070 2636 2,
1088 2571 1116 2636 d,

56 2656 126 2711 Poris.
140 2659 165 2726 1,
182 2657 209 2725 2,
225 2660 271 2712 El.
289 2657 444 2729 utriusque,
462 2660 648 2724 Meod.‚01rr.
667 2660 804 2725 omnium,
823 2661 997 2714 Gaianorum
1017 2669 1117 2731 preter

56 2747 100 2818 dri.
116 2756 142 2804 st
157 2751 230 2804 (iud.
251 2749 277 2814 2,
296 2752 405 2822 opinor,
425 2753 509 2807 etiarn
529 2759 629 2822 preter
648 2753 754 2823 Spir.);
773 2770 838 2807 num
856 2754 918 2806 Pal.
937 2755 952 2806 l
971 2771 1036 2806 eum
1053 2757 1114 2809 Eri.

56 2847 135 2908 ogeru
151 2843 390 2914 (²³uidebstorque
407 2844 493 2898 etium
513 2843 600 2898 fuisse
618 2843 646 2898 in
665 2846 728 2898 Pal.
748 2843 814 2911 2’'),
844 2845 917 2899 (iud.
936 2844 955 2897 2
971 2852 999 2898 at
1016 2846 1078 2900 Pol.
1098 2848 1115 2900 d

56 2935 139 2998 agitur.
179 2936 284 2991 Oruuia
301 2934 354 2990 iila
373 2937 448 2992 ratio
468 2938 633 3007 perturbat,
662 2936 785 3008 primurn
804 2936 990 3001 seutentiam
1025 2954 1118 3007 usque

57 3023 114 3080 asin
128 3026 180 3082 isra
199 3029 380 3100 postulatur,
409 3029 444 3082 de
463 3046 518 3099 qua
537 3029 636 3082 Cicero
654 3025 739 3092 dicit,
775 3027 900 3081 definitio
919 3027 961 3080 roi
978 3029 1013 3080 ad
1029 3045 1117 3098 egeu-

58 3113 108 3170 duur
124 3120 286 3192 propositor,
322 3122 370 3174 sed
399 3121 494 3187 (ouius
523 3137 624 3176 caussa
649 3121 702 3174 iila
727 3120 942 3190 requirebatur)
967 3137 1118 3174 cousensus

57 3205 246 3278 disputantium,
264 3219 303 3277 ot,
319 3211 434 3266 inuerso
452 3213 562 3278 ordine,
582 3214 646 3268 ideo
664 3213 836 3284 postulatur,
855 3219 886 3264 ut
903 3212 1064 3277 conueniat,
1085 3220 1118 3268 ut

58 3301 202 3364 quibusdam
220 3303 355 3360 turmulis
371 3320 417 3357 res
436 3312 555 3374 agatur3
574 3325 635 3376 quse
652 3311 747 3360 autern
768 3303 825 3356 siut
839 3303 894 3356 ilias
913 3303 1038 3375 posadum
1052 3307 1117 3369 sor-

57 3395 130 3461 suta,
147 3399 250 3468 quibus
268 3413 314 3450 ras
332 3402 454 3466 agatur,
479 3397 587 3452 trustra
605 3413 729 3468 quarm
768 3395 869 3448 deindo
888 3396 1117 3466 conparationem

57 3499 105 3538 <un
119 3489 246 3544 turmulis
264 3487 549 3554 iurisconsultorum,
587 3490 627 3554 (et
648 3497 741 3544 tomen
760 3489 838 3553 ouo,
858 3490 916 3542 nec.
936 3505 1063 3559 sequens,
1083 3491 1118 3543 do

59 3573 113 3630 (itio
129 3583 253 3652 qondam
272 3580 421 3653 descripsit
442 3583 478 3635 ab
497 3580 637 3649 Oreitio);
657 3587 799 3654 postremo
819 3580 954 3635 orationis
974 3582 1118 3636 coheren-

58 3665 125 3734 tiarus
149 3689 214 3727 nam
234 3681 298 3743 post
311 3673 491 3742 proscribere
511 3673 704 3745 interponitur
721 3679 752 3725 ut
769 3703 805 3714 -
821 3680 941 3742 agutur,
976 3681 1005 3727 et
1022 3681 1118 3728 tamen

59 3775 98 3814 ror
115 3765 164 3820 bor
182 3783 215 3820 eo
234 3768 375 3832 retertur,
394 3769 442 3820 sod
462 3773 494 3820 ut
510 3794 543 3806 -
562 3767 716 3824 conueniat.
753 3767 795 3818 De
813 3765 1010 3836 proscribendi
1029 3766 1118 3818 norbo

59 3858 78 3904 ti
92 3853 144 3926 ipsa
158 3877 189 3912 ro
207 3860 332 3914 nundum
353 3859 426 3913 dieo.
461 3859 599 3914 Uiderant
617 3860 674 3912 ianr
692 3858 861 3930 superiores,
879 3859 934 3911 hoo
954 3857 1026 3924 dici,
1045 3856 1120 3910 idom

58 3947 116 4010 qaod
132 3947 158 4004 iu
177 3949 307 4006 formulis
325 3951 494 4021 quibusdam
512 3945 785 4006 iurisconsultorum'
797 3951 886 4015 tieret,
903 3949 931 4002 in
951 3948 1119 4018 disputando

57 4035 105 4090 ten
121 4042 236 4110 debere,
271 4045 322 4098 sod
347 4062 432 4116 quom
449 4043 628 4113 prescribere
649 4043 763 4114 uolgari
781 4041 988 4112 significatione
1008 4040 1119 4109 accipe-

57 4139 106 4184 ont
120 4151 169 4187 nso
184 4134 245 4207 ipsa
262 4137 455 4191 formularum
474 4138 564 4190 uerba
583 4143 712 4203 nossent,
749 4134 933 4208 requirebant
950 4132 1120 4190 sententium

59 4225 220 4284 pseudostomo
252 4249 318 4302 pura
346 4247 391 4284 res
417 4236 522 4299 aguero
552 4231 690 4297 (Manat.)
716 4234 783 4286 oots
820 4243 875 4298 quo
900 4225 935 4278 ste
959 4240 991 4276 re
1014 4233 1119 4296 agutur

58 4311 163 4386 tibin).
211 4321 291 4378 Nouo
316 4338 361 4378 sos
386 4320 554 4379 dubitationi
573 4328 703 4390 exempta
719 4326 755 4376 st.
802 4316 1028 4387 Proscripts'ones
1045 4321 1119 4398 euim
1160 4325 1165 4334 ”
