2788 4886
469 275 726 346 PBAEFATIO.
820 311 824 322 ·
1092 280 1147 346 XI

70 462 262 546 Goercusius
284 465 387 551 igitur
410 483 474 528 non
498 460 623 542 solum,
649 485 731 552 quas
754 465 786 528 ei
809 461 944 552 placuit,
966 465 1146 551 scripturas

73 571 272 636 ecodicibus
311 572 381 634 suis
420 571 608 654 excerpsit,
652 583 779 636 ceteras
816 593 903 657 saeps
935 585 1087 657 optumas
1114 583 1147 635 et

75 699 213 742 maxume
237 675 397 742 notabilis
425 678 558 756 omisit,
601 691 658 742 aut
684 677 824 743 subinde
855 681 963 744 minus
990 677 1089 764 piene
1114 689 1148 742 et

75 786 231 864 adcurate,
252 784 331 871 quid
352 785 385 848 iu
411 768 577 848 codicibus
601 798 704 865 esset,
738 787 889 865 tradidit,
919 785 977 850 sed
1001 786 1048 848 ita
1071 806 1147 869 gra·

77 893 146 955 citer
167 890 287 978 ubique
307 892 450 968 errauit,
473 892 520 953 ita
542 890 661 957 multos
684 893 861 977 scripturas
883 890 1064 971 confinxit,
1101 894 1148 957 itu

77 1002 194 1063 nomina
218 999 367 1062 codicum
392 1000 600 1084 permutauit,
623 1019 696 1084 quse
721 1004 756 1065 in
778 1001 920 1087 optumis
938 1012 1051 1078 erant,
1074 1019 1149 1084 pes·

76 1108 164 1170 sumis
185 1103 313 1185 tribuit,
337 1125 407 1190 quoe
430 1107 462 1168 iu
489 1107 664 1189 pessumis,
685 1109 839 1192 optumis,
859 1109 905 1171 ita
928 1109 1026 1172 etiarn
1051 1109 1149 1170 iniis

76 1210 155 1288 locis,
176 1210 234 1275 ubi
257 1211 299 1276 ab
324 1211 399 1278 aliis
421 1215 606 1280 admonitus
629 1228 717 1295 erat,
742 1227 779 1279 ut
798 1213 1001 1292 adtenderet,
1024 1213 1065 1278 de
1087 1211 1150 1276 tal-

79 1318 363 1399 sisadseuerauit,
407 1337 444 1385 ut
468 1320 551 1386 nibil
576 1343 729 1409 umquam
753 1321 823 1386 ulle
847 1343 892 1387 ex
923 1333 1017 1407 parte
1040 1319 1149 1384 simile

79 1425 197 1490 uiderim
221 1437 274 1504 et,
320 1427 385 1490 nisi
414 1426 494 1492 mibi
515 1440 630 1516 stupor
653 1429 794 1496 hominis
825 1441 859 1492 et
885 1429 1085 1514 peruersitas
1114 1428 1149 1492 in

77 1535 177 1596 ceteris
206 1553 338 1618 qnoque
368 1532 467 1598 rebus
499 1549 672 1621 perspecto
704 1548 833 1615 essent,
877 1537 937 1598 nix
973 1537 1056 1600 meis
1078 1536 1149 1620 ipsc

78 1637 166 1702 oculis
186 1639 370 1703 crediturus
406 1641 537 1706 fuerim.
606 1643 657 1708 Ac
680 1655 808 1730 poterat
837 1645 903 1706 iam
929 1656 1004 1706 ente
1028 1662 1149 1729 magne

80 1765 117 1806 cx
145 1759 235 1830 parte
267 1745 440 1834 intellegi,
482 1762 603 1834 quanta
639 1747 721 1814 fides
752 1747 937 1827 Goerenzio
965 1747 1151 1827 deberetur,

81 1850 289 1938 adtigerstque
309 1851 457 1918 Oreliius
478 1857 686 1940 suspicione,
727 1856 813 1942 quod
843 1868 909 1918 tani
941 1875 1028 1940 steps
1056 1857 1150 1941 qussi

80 1955 174 2020 dedita
196 1980 299 2046 opera
321 1960 407 2024 fulua
429 1963 470 2026 de
494 1962 591 2026 editis
623 1960 717 2027 libris
749 1975 783 2025 et
813 1960 953 2026 aliorum
983 1959 1151 2026 codicibus

84 2067 225 2128 narrauit.
292 2065 369 2132 Non
391 2089 496 2153 pauca
514 2071 602 2132 eninr
627 2067 749 2132 similia
772 2079 849 2130 sunt
869 2070 920 2146 ei,
951 2069 1037 2153 quod
1059 2069 1100 2132 ud
1124 2066 1152 2146 l,

81 2171 115 2233 w
141 2173 311 2253 conmisit,
357 2173 414 2238 ubi
438 2197 536 2262 quom
558 2175 676 2239 Cicero
694 2175 897 2256 scripsisset:
943 2181 1056 2237 statue
1072 2193 1153 2256 pnr-

82 2285 156 2340 rertu
185 2299 316 2372 nans,
353 2301 425 2367 psa
457 2301 571 2347 nunus
600 2279 785 2366 significet,
833 2278 955 2344 Paulus
983 2277 1153 2344 Manutius

85 2386 229 2465 ostendit,
272 2385 358 2452 benc
386 2391 611 2475 repetitionem
644 2385 844 2452 substantiui
871 2397 945 2472 post
976 2406 1153 2471 pronomen

82 2489 241 2557 relatiuom
266 2514 332 2558 non
354 2493 520 2560 insolitam
542 2515 638 2573 esse,
659 2493 724 2559 sibi
746 2495 911 2568 tamenin
935 2503 1077 2557 mentem
1097 2513 1154 2557 ne·

84 2599 160 2680 cire,
179 2601 328 2666 additum
351 2601 491 2666 fortasse
514 2623 587 2667 osse
612 2621 725 2665 muner
747 2598 789 2665 ab
813 2599 943 2686 aliquo,
984 2601 1041 2687 qui
1062 2621 1156 2664 uere·

83 2717 178 2785 retur,
215 2709 320 2772 need
344 2720 484 2772 statuam
510 2711 733 2794 potiusquam
757 2707 798 2772 ad
822 2727 952 2771 manum
975 2727 1155 2792 pronomen

80 2831 141 2894 pre
161 2814 352 2880 referretur.
396 2813 484 2879 Hinc
505 2816 590 2901 apud
613 2812 832 2878 Goerenzium
857 2812 926 2878 hrec
955 2823 1031 2878 nata
1061 2826 1154 2878 sunt:

80 2913 202 3004 ’'Nugas
226 2933 336 2985 autem
361 2933 480 2986 tractat
502 2921 660 2986 Daoisius
692 2920 762 3006 [qui
786 2942 827 2985 ne
855 2922 1001 2984 minume
1024 2920 1156 3004 quidem

79 3023 167 3090 uerbo
189 3025 279 3092 bunc
299 3027 408 3094 locum
432 3026 582 3115 adtigit],
605 3048 703 3112 quom
727 3046 840 3092 nonus
860 3027 935 3091 ideo
959 3023 1076 3090 obesse
1098 3047 1157 3090 ne·

78 3127 126 3208 iit,
161 3146 198 3196 nt
226 3154 300 3220 perc
322 3135 362 3198 cd
387 3143 527 3200 statuum
550 3133 798 3220 referetur”(!!).
864 3130 1091 3217 Maxumcque
1114 3133 1155 3198 de

79 3233 243 3306 Cratandri
264 3243 414 3328 margine
438 3243 584 3325 grauiter
602 3261 689 3326 saepe
713 3251 818 3317 errat,
864 3241 1026 3304 interdum
1051 3261 1156 3328 usque

76 3343 109 3407 sd
131 3369 293 3413 summam
317 3351 544 3428 mirationem,
566 3360 600 3412 ut
623 3369 719 3434 quom
744 3344 797 3424 id,
817 3346 904 3432 quod
926 3348 960 3410 in
982 3369 1048 3411 unc
1069 3345 1157 3412 Gru-

77 3455 131 3516 teri
160 3455 307 3519 editione
339 3479 359 3520 u
391 3455 594 3544 typographo
625 3455 840 3539 deprauatum
872 3465 922 3532 st,
963 3456 998 3518 in
1038 3458 1156 3520 ceteris

77 3557 220 3624 omnibus
244 3560 389 3647 legitur,
410 3561 458 3627 ibi
482 3585 540 3648 pro
563 3563 656 3627 ueris
677 3561 838 3645 scripture
865 3560 1014 3626 adnotari
1043 3561 1158 3628 scribit

77 3665 123 3744 (ad
144 3667 198 3748 V,
238 3667 308 3751 tl).
352 3667 405 3734 De
427 3671 570 3734 editione
591 3667 698 3732 Marsi
718 3665 866 3751 quedam
891 3667 1048 3752 exempla
1069 3670 1158 3733 iufra

77 3791 197 3852 ponant.
246 3771 345 3840 Nunc
366 3797 464 3862 quom
495 3776 639 3842 codicem
670 3771 908 3860 Erlangonsem
937 3777 1057 3842 iterum
1081 3797 1159 3840 con·

78 3875 169 3946 iatum
196 3878 339 3946 habeam
363 3883 410 3966 (in
440 3905 504 3970 quo
525 3879 743 3947 animaduerti
764 3877 886 3962 uelim,
927 3903 1002 3948 roro
1025 3881 1158 3946 silentio

78 4005 148 4050 meae
173 3986 396 4069 conlationis,
441 3991 497 4054 red
530 3989 599 4052 iere
623 4001 736 4074 aperto
760 3991 946 4054 testimonio
966 3988 1059 4054 iilum
1083 4011 1159 4055 con·

79 4093 188 4178 uinci),
232 4108 393 4180 proterea
416 4097 454 4161 ad
490 4097 688 4160 deteriorum
720 4094 867 4160 codicum
900 4116 1094 4160 consensum
1126 4111 1160 4163 et

79 4199 322 4288 discrepantiam
342 4203 568 4288 perspicienda
589 4203 739 4270 idoneam
758 4203 927 4266 materiam
948 4201 1160 4291 conlegerint,

80 4313 173 4377 omnis
202 4309 347 4375 foeditas
376 4321 487 4394 opertu
524 4322 565 4374 rt.
639 4311 749 4400 Atque
787 4309 981 4374 omissorum
1020 4313 1161 4397 primum
