2990 4886
282 241 346 304 282
415 287 419 292 .
633 236 694 302 DE
716 235 893 309 FlllllBUS
915 235 1029 308 BON-¹

285 434 396 498 iamai
441 431 520 497 Sine
545 451 584 496 ea
613 435 718 520 igitur
747 437 888 500 ineunda
909 447 1010 522 negat
1031 453 1128 521 poseo
1152 433 1241 498 uinil
1282 433 1359 512 Quid

285 542 434 626 turpius,
481 560 578 624 qoam
601 542 760 626 sapientis
781 543 884 607 uitarn
908 563 952 606 ex
976 542 1201 632 insipientiam
1223 561 1359 606 sermone

283 645 448 732 pendere!
473 643 562 723 Quid
587 667 667 734 ergo
689 647 751 712 lroo
773 647 848 713 loco
869 647 1033 735 intellegit
1056 647 1251 714 honeatnml
1274 645 1359 712 Certe

284 749 387 832 nihil,
426 753 489 816 niai
518 753 603 839 quod
636 755 740 839 possit
772 755 878 840 ipsum
909 765 1039 841 propter
1068 775 1104 818 ee
1136 756 1207 820 iore
1235 753 1360 819 laudari.

285 856 370 924 Nam
395 861 423 922 ai
448 871 579 945 propter
602 857 819 944 uoluptatem,
843 881 926 946 quaa
951 873 982 924 at
1001 861 1065 924 iata
1086 859 1172 939 laun,
1192 883 1275 948 qnae
1297 880 1361 947 poa·

284 967 328 1030 ait
350 987 368 1030 e
391 963 531 1029 macello
555 965 645 1050 petil
662 963 737 1030 Non
759 968 788 1030 is
808 967 860 1030 uir
882 979 954 1046 eat,
979 979 1026 1044 ut,
1049 987 1146 1053 quorn
1170 967 1360 1032 honestatem

284 1094 324 1138 eo
344 1071 419 1137 looo
444 1070 584 1152 habeat,
607 1074 737 1136 ataine
761 1093 801 1136 ea
824 1072 965 1136 iuounde
989 1083 1088 1160 neget
1108 1094 1208 1156 poseo
1231 1075 1308 1152 uini,
1327 1069 1360 1135 il·

178 1263 185 1270 ·
282 1177 340 1242 lud
362 1177 556 1256 honesturn,
581 1177 666 1263 quod
691 1175 848 1264 populare
867 1179 931 1258 eit,
954 1181 1093 1257 sentiat,
1115 1193 1149 1242 et
1172 1181 1245 1244 aine
1265 1199 1303 1243 eo
1320 1179 1361 1240 in·

283 1285 388 1349 eunde
418 1297 519 1370 neget
549 1285 619 1347 trini
640 1304 760 1370 posse,
805 1297 862 1354 aut
887 1285 1060 1372 quiequam
1086 1283 1176 1349 aliud
1201 1284 1359 1349 honestum

283 1390 478 1477 intellegat,
500 1391 563 1453 nisi
587 1391 672 1476 qood
691 1391 735 1454 sit
755 1403 880 1456 rectum
904 1393 1075 1477 ipsumque
1099 1413 1157 1478 per
1176 1412 1226 1471 ae,
1248 1411 1305 1458 aaa
1323 1390 1360 1464 ui,

283 1518 343 1561 aua
365 1510 493 1575 natura,
517 1517 576 1560 sua
600 1509 715 1579 sponte
738 1495 933 1561 laudabile-¹

373 1601 471 1666 xvl.
517 1603 572 1666 ot.
597 1600 724 1687 ltaque,
748 1600 929 1689 Torquate,
953 1624 1049 1689 quoni
1072 1603 1208 1680 diceres,
1232 1601 1360 1667 clamare

283 1709 479 1795 Epicurum,
525 1729 588 1771 non
615 1729 711 1795 posse
735 1710 875 1774 iucunde
899 1711 987 1788 uiui,
1018 1710 1081 1772 nisi
1104 1709 1243 1774 honeste
1267 1722 1297 1771 et
1318 1728 1360 1769 aa·

283 1817 411 1902 pienter
442 1829 475 1878 et
504 1816 589 1880 iuste
621 1815 809 1894 uiueretnr,
852 1828 887 1878 tn
915 1816 987 1900 ipae
1019 1815 1099 1881 mihi
1124 1813 1258 1902 gloriari
1284 1812 1359 1877 nide-

283 1919 373 1988 b'are.
438 1919 547 1986 Tanta
569 1923 620 1985 uis
643 1924 748 1986 inerat
770 1924 804 1984 in
831 1919 942 1986 uerbis
967 1934 1098 2008 propter
1121 1941 1234 1986 earum
1254 1937 1360 1994 return,

283 2050 367 2114 quoe
388 2026 659 2116 significabantur
681 2028 732 2094 bis
755 2026 884 2109 uerbis,
906 2029 1112 2113 dignitatern,
1136 2039 1173 2090 ut
1196 2023 1294 2090 altior
1312 2021 1360 2088 fie-

282 2156 356 2214 rea,
382 2147 419 2198 nt
439 2135 603 2200 interdum
627 2138 815 2212 insistereS,
846 2147 883 2198 ut
907 2156 966 2198 nos
990 2137 1120 2198 intuens
1140 2135 1234 2221 quaai
1257 2127 1361 2196 teatill·

284 2262 415 2320 carere,
462 2241 587 2308 laudari
623 2240 829 2305 honestatem
861 2255 893 2304 et
930 2241 1088 2304 iustitiam
1117 2238 1293 2325 aliquando
1327 2232 1359 2298 ab

336 2461 384 2503 loo.
399 2461 481 2514 nogat)
495 2471 549 2516 aeg.
566 2461 616 2503 ino.
632 2459 651 2502 Ιι
702 2468 769 2516 poue
784 2458 926 2516 ultroneae
941 2461 1031 2504 ttinere
1045 2469 1133 2504 omnen.
1173 2469 1281 2502 temone
1295 2451 1360 2513 pent)

281 2539 354 2592 pond.
367 2546 441 2578 eorm.
456 2534 478 2579 Β
520 2535 577 2592 pati)
591 2533 721 2590 petiturss
763 2533 1115 2592 incontaminatorum
1148 2533 1199 2578 uiol
1215 2533 1360 2592 poneipm

284 2612 342 2654 utet
355 2609 425 2656 ΙΙΙΙΙΙ
465 2610 595 2668 ipsamque)
610 2611 689 2666 tntum
703 2612 767 2667 qood
780 2611 872 2656 PMOR
904 2611 956 2668 per)
970 2610 1103 2668 materis
1136 2611 1228 2668 amate)
1241 2610 1274 2653 att
1286 2610 1361 2664 quate

284 2686 375 2732 PMOR
388 2691 473 2744 epotata
488 2687 556 2732 attia
611 2685 645 2732 51.
659 2688 694 2741 tn)
707 2687 795 2732 tnmE
824 2687 992 2742 tntttoarore)
1005 2688 1141 2743 temtari
1153 2686 1174 2732 Ε
1188 2679 1349 2740 ΙσιΙΙΙοωΙι

354 2885 441 2948 negot
456 2893 539 2947 pom
557 2879 628 2946 nini)
649 2877 775 2944 Retinui,
794 2879 868 2950 qnod
886 2878 1002 2944 Lirinus,
1013 2884 1120 2950 pottee,
1139 2876 1196 2931 ΤΙι.
1213 2868 1361 2930 neronior

283 2977 439 3044 sequenter,
459 2969 508 3025 alli
530 2971 687 3026 ediderant.
731 2973 804 3027 Nem
829 2971 858 3025 in
878 2969 972 3026 actiuo
992 2969 1132 3025 infinitioo
1150 2984 1303 3046 quemquam
1318 2979 1363 3019 ¹⁰·

284 3063 363 3129 dire,
400 3064 474 3133 quoti
493 3062 624 3118 Bremiue
651 3065 786 3130 uolebat,
825 3063 964 3118 aermonie
991 3064 1064 3118 tatio
1090 3081 1145 3118 non
1174 3062 1267 3116 minna
1286 3061 1363 3117 uetat,

285 3172 369 3225 qaam
387 3157 438 3228 (de
456 3173 511 3227 qno
532 3155 600 3210 olim
617 3156 652 3208 orl
671 3156 769 3210 lunen.
788 3162 841 3210 eat.
860 3161 911 3222 ΙΙΙ,
929 3153 965 3208 93
982 3152 1107 3225 aeriqai),
1125 3171 1212 3226 quom
1230 3155 1268 3208 aio
1286 3151 1363 3205 inter·

284 3253 417 3317 rogator:
446 3249 488 3300 Aa
505 3249 600 3300 melior
621 3248 687 3302 ert?
708 3249 807 3303 andire
823 3249 974 3324 quitquam.
1009 3254 1111 3318 Itaque
1128 3253 1217 3318 tregru
1233 3261 1312 3317 porro
1327 3239 1363 3292 ιε’·

284 3355 348 3392 aare
366 3344 454 3392 eaaetr
495 3347 581 3408 negot
599 3357 628 3395 ee
641 3357 726 3410 notre
750 3342 851 3394 aiom.
889 3341 995 3394 Uerum
1023 3346 1052 3393 et
1075 3339 1216 3410 Epicurus
1235 3337 1363 3396 naturae,

285 3447 340 3484 non
359 3429 394 3482 tle
413 3446 459 3493 ae,
475 3431 533 3484 laec
551 3431 677 3497 dixerat,
705 3441 733 3486 et
752 3432 851 3486 cicera
870 3439 930 3486 tarn
948 3449 1022 3502 nepe
1041 3448 1104 3486 eam
1124 3433 1247 3488 formam
1264 3433 1364 3484 etanta

286 3528 314 3575 et
334 3525 397 3590 poet
414 3521 558 3586 oeruauit,
596 3528 627 3575 ut
645 3522 721 3576 credi
738 3541 793 3577 noa
812 3523 917 3593 poerit,
954 3523 1010 3578 hoe
1037 3541 1092 3578 uno
1120 3525 1184 3581 loeo
1204 3543 1267 3580 eom
1285 3523 1318 3578 alt
1336 3533 1365 3572 et

284 3611 452 3667 dieeeaeiaee.
507 3614 613 3667 Eodem
632 3631 730 3667 erroro
748 3613 774 3667 in
795 3616 881 3671 Tnac.
903 3618 959 3683 111,
994 3616 1030 3670 ΙΙΙ
1054 3617 1164 3688 aliquot
1187 3617 1294 3672 codiee·
1319 3615 1364 3666 lt!-

285 3707 367 3760 bonta
407 3703 502 3772 Neget
525 3704 661 3773 Epicuros
680 3707 796 3760 ineundo
813 3725 895 3775 potae
914 3709 1022 3774 uiuere,
1060 3707 1108 3763 obi
1129 3709 1261 3764 melioret
1281 3707 1366 3763 tenent

285 3797 344 3850 nini
362 3798 406 3866 (et
425 3793 588 3868 adiungitur
606 3799 662 3850 oiri
680 3816 739 3852 eom
760 3801 864 3853 uirtute
882 3801 1060 3869 nitentur).

356 3890 494 3960 ipsumque
512 3917 547 3932 -
565 3908 616 3945 ena
637 3894 746 3960 sponte)
777 3890 824 3946 Sic
844 3893 931 3947 etiam
952 3872 1014 3948 l’nl.
1034 3894 1051 3947 l
1070 3900 1099 3947 et
1116 3893 1191 3964 Spin.
1211 3895 1296 3962 (ilict.
1313 3887 1365 3944 cotl·

285 3986 387 4039 aeltem
406 3987 599 4053 amoenante),
618 3983 740 4038 reatituit
760 3984 915 4048 Gruterum
935 3984 1022 4040 ceteri
1041 3987 1121 4041 codd.
1142 3993 1174 4040 ot
1193 3986 1280 4041 noatri
1296 3985 1364 4037 tete-

285 4077 383 4130 riorea.
420 4078 483 4134 Pal.
505 4080 519 4131 l
542 4082 584 4143 (et
601 4095 633 4132 ox
654 4095 686 4132 eo
706 4077 788 4132 Grut.
808 4085 835 4132 ot
853 4077 915 4146 olii)
933 4086 1069 4149 preterea
1087 4079 1302 4150 tranoponolratt
1321 4087 1365 4126 tte

287 4187 338 4240 ap„
358 4186 408 4222 ouo
427 4177 483 4224 not.
