2720 4878
143 363 157 378 .
261 321 322 384 182
621 313 680 377 DE
703 309 879 378 FINIBUS
903 309 1005 376 BON.

262 515 403 577 ruendum
428 511 560 595 reperiri
587 529 701 594 posse,
726 507 810 594 quod
828 507 1057 571 coniunctione
1081 501 1139 566 tali
1163 503 1205 564 sit
1230 503 1327 581 aptiut

263 616 390 694 Quibus
413 637 457 678 ex
481 612 632 676 omnibus
652 614 937 699 iudicari-potest,
961 631 1024 672 non
1049 608 1144 672 modo
1168 627 1233 668 non
1258 608 1327 689 inpt

262 725 324 788 diri
346 725 505 787 rationem
527 721 711 799 amicitiae,
739 721 767 782 si
790 739 950 782 summum
974 714 1096 780 bonurn
1121 715 1154 776 in
1177 711 1327 793 uoluptat

262 843 419 916 ponatur,
468 829 523 890 scd
550 829 619 890 sinc
654 825 716 889 hoc
746 827 986 888 institutionem
1019 821 1183 885 amicitiae
1217 819 1327 880 omnin

263 959 326 1000 non
343 957 438 1019 posse
464 935 610 1016 reperiri.

351 1040 451 1106 xxl.
492 1042 544 1102 71.
567 1037 773 1121 Quapropter
796 1039 900 1112 sica,
946 1032 1144 1119 quaedixi,
1188 1026 1257 1102 sole
1280 1029 1327 1112 ips

262 1147 450 1211 inlustriora
469 1158 501 1208 ct
524 1143 662 1206 clariora
679 1156 764 1218 sunt,
783 1144 809 1203 si
825 1143 933 1204 onmia
953 1136 1061 1226 [dixi]
1089 1137 1206 1199 hausta
1226 1157 1244 1196 e
1261 1135 1327 1196 sont

260 1268 416 1330 staturae,
439 1255 465 1314 si
490 1262 557 1313 toto
580 1251 684 1312 oratio
709 1261 820 1310 nostra
843 1268 971 1310 ornnem
992 1243 1055 1306 sibi
1077 1241 1175 1305 fidem
1196 1215 1327 1306 scrrsibri

261 1357 448 1433 confirmat,
490 1356 612 1430 idest,
640 1355 837 1438 incorruptis
859 1366 956 1437 atque
976 1351 1113 1434 integris
1140 1347 1296 1424 testibus,
1320 1363 1327 1422 r

259 1464 402 1526 infantes
420 1463 531 1546 pueri,
564 1473 673 1523 mutae
694 1463 793 1523 etiam
818 1457 944 1522 bestiae
964 1477 1068 1539 paene
1094 1453 1256 1530 locuntur,
1280 1471 1327 1518 rna

260 1571 362 1652 gistra
387 1589 424 1631 ac
445 1566 526 1629 duee
551 1578 686 1644 natura,
730 1565 813 1628 nihil
847 1585 920 1628 csse
954 1581 1145 1648 prosperum
1171 1563 1234 1623 nisi
1256 1557 1327 1620 nolu

259 1687 393 1758 protem,
416 1670 497 1746 nihii
520 1693 670 1757 asperum
696 1674 760 1735 nisi
782 1670 940 1749 dolorem,
964 1669 1003 1732 de
1026 1665 1142 1754 quibus
1164 1687 1268 1752 neque
1290 1665 1327 1746 de]

261 1791 395 1862 prauatc
427 1778 571 1840 iudicant
610 1799 714 1862 neque
747 1791 918 1862 corrupte,
961 1795 1068 1839 nonne
1097 1775 1128 1836 ei
1159 1791 1327 1836 maxumas

193 1952 200 1962 ¹
260 1885 398 1968 gratiam
419 1881 540 1960 habere
562 1881 739 1958 debemus,
790 1886 843 1968 qni
867 1883 929 1946 hac
958 1881 1115 1944 exauditu
1147 1879 1241 1962 quasi
1264 1899 1327 1954 uoo

312 2067 345 2109 71.
362 2065 411 2108 soie
422 2087 449 2096 -
461 2065 571 2119 clariora)
585 2066 726 2111 illecti-toro
741 2072 765 2108 et
780 2064 832 2108 σοῖο
848 2035 958 2107 ararim
976 2063 994 2106 L
1077 2059 1134 2116 diri)
1147 2061 1203 2103 riae
1219 2061 1291 2103 uncte
1304 2055 1327 2102 (ii

259 2141 328 2187 iidem
342 2141 459 2195 rensibus)
472 2155 539 2186 rene.
554 2143 610 2197 fiir
661 2139 790 2194 confirmat)
804 2152 848 2185 om·
864 2139 886 2183 8
928 2139 1008 2196 etque)
1024 2138 1082 2184 etii
1123 2137 1176 2192 hcc>
1189 2137 1241 2180 lere
1256 2129 1327 2180 unct

259 2215 377 2268 exaudita)
391 2229 422 2260 ee
439 2219 506 2262 adito
522 2218 540 2261 0

260 2403 341 2456 porse
358 2385 582 2458 intellegimur),
602 2387 696 2440 omnia
715 2387 809 2442 insint.
846 2387 938 2442 Malui
957 2394 1050 2442 temen
1069 2386 1202 2440 mendum
1219 2386 1327 2434 notaturi

260 2475 429 2548 relinquere.

331 2571 397 2639 Cap.
417 2569 500 2634 XXI,
518 2570 561 2623 71.
598 2571 625 2622 ci
641 2569 732 2622 omnia
753 2570 836 2638 [diri]
856 2571 970 2636 deusto)
987 2571 1154 2640 Suspectum
1184 2567 1239 2620 Th.
1259 2567 1327 2618 nent

259 2663 315 2716 icio
337 2669 365 2716 ot
384 2659 499 2714 Bromio
518 2661 584 2725 dixi,
607 2678 662 2714 non
671 2661 733 2715 riae
752 2678 869 2728 cauom
889 2661 960 2716 Gaio
980 2659 1141 2716 defendenti
1169 2676 1224 2712 non
1242 2659 1275 2710 dc
1294 2673 1327 2709 au

259 2753 336 2808 ribus
355 2752 483 2824 purgatio
509 2752 659 2806 dicendum
685 2759 764 2819 erat,
801 2755 852 2807 sed
877 2756 1074 2824 querendum,
1112 2769 1178 2805 num
1197 2751 1256 2804 inec
1274 2751 1327 2804 nau

258 2845 428 2901 sententiam
446 2846 553 2899 habero
572 2852 699 2915 portenta
729 2847 770 2898 ita
793 2846 852 2898 dixi
862 2884 871 2911 ‚
888 2853 919 2898 ut
937 2847 1040 2898 deusta
1060 2849 1150 2897 creent
1170 2845 1278 2907 efonto
1295 2833 1327 2892 nd!

259 2946 332 3002 ture,
352 2937 378 2988 id
399 2945 456 3002 cet,
472 2937 577 2998 omnia,
597 2954 656 3005 puoe
678 2938 752 3003 diei,
771 2939 872 2990 causta
887 2939 1013 3002 sumunt.
1049 2935 1121 2990 Mihi
1138 2937 1166 2988 id
1186 2934 1327 3003 deripere

258 3047 314 3084 non
333 3029 447 3083 uidetur
464 3029 678 3100 necessarioque
697 3030 847 3106 coniungi:
865 3031 925 3082 diri
940 3030 1052 3092 inuata,
1072 3034 1103 3081 ut
1120 3028 1252 3082 audiatur
1269 3039 1327 3080 esre

258 3119 336 3190 atqui
355 3121 384 3174 id
405 3120 556 3174 ridiculum
575 3128 610 3186 rt,
628 3123 806 3192 Torquatum
823 3119 939 3186 coniti,
975 3120 1049 3192 quod
1074 3119 1134 3190 ipse
1160 3119 1201 3174 ita
1226 3136 1285 3172 ceso
1302 3115 1327 3168 di

259 3211 340 3264 xer-it.
375 3212 523 3266 Librarius
539 3214 670 3280 uerbum,
688 3215 867 3284 quoddeerse
878 3212 1040 3278 uidebatur,
1057 3212 1207 3285 suppleuit,
1226 3229 1280 3264 noa
1295 3209 1327 3264 ad

259 3302 392 3363 tendens,
413 3311 477 3356 tunt
497 3305 640 3375 pertinere
657 3307 693 3360 od
711 3314 862 3377 utrumque
880 3307 1048 3358 membrum.

328 3395 484 3461 confirmat)
500 3413 555 3449 om.
574 3398 660 3452 etiam
679 3396 767 3470 Spin,
784 3399 857 3470 (iud.
878 3396 904 3450 2.
942 3394 1017 3450 r'ieri
1032 3401 1133 3466 potest,
1153 3401 1184 3447 ut
1199 3393 1228 3446 iu
1247 3392 1327 3446 arehu'

260 3491 328 3554 typo
350 3485 470 3538 uerbum
490 3487 632 3542 exciderit.

326 3575 397 3628 nihil
415 3592 474 3628 erre
492 3584 664 3646 prosperaret
683 3581 826 3651 Nusquam
847 3579 937 3641 olibi,
967 3578 1040 3649 quoti
1059 3575 1163 3641 sciam,
1180 3579 1230 3629 unt
1249 3575 1327 3636 ciem

259 3674 310 3726 aut
328 3667 476 3738 qaisquam
496 3669 570 3724 alius
589 3689 751 3744 prosperum
769 3670 857 3736 dixit,
883 3673 960 3745 quod
975 3670 1129 3724 iucundum
1142 3674 1214 3722 creet
1234 3673 1263 3721 et
1280 3681 1327 3738 gru

258 3767 366 3816 tumet
387 3759 883 3834 obhaaccausramexpetendurn‚
918 3765 968 3817 sed
989 3769 1100 3816 tantum
1127 3762 1200 3833 quod
1226 3759 1327 3812 ielieitrt

257 3854 433 3925 procederet.
476 3850 596 3905 Uidetur
615 3852 713 3908 cicero
731 3857 832 3910 loriaco
851 3857 880 3910 in
898 3856 986 3911 simili
1003 3872 1072 3909 rouo
1090 3853 1171 3908 uerbi
1187 3863 1327 3920 nuperum?

328 3945 377 4018 qui
394 3945 447 3997 duc
465 3945 596 3998 exauditu
614 3945 681 4011 dcc.)
700 3946 746 4000 Sic
764 3949 826 4002 Pul.
848 3949 865 4001 l
887 3953 916 4001 ot
935 3947 1012 4002 ''trer
1034 3945 1159 4017 optumi’¹
1179 3944 1250 4008 (ἱείς
1288 3938 1327 3992 edi

257 4045 317 4090 tum
336 4037 445 4092 atinde
464 4051 480 4090 u
500 4036 595 4101 crat,
634 4037 688 4091 niti
707 4040 780 4108 quod
797 4041 874 4094 Man.
895 4047 926 4094 ot
940 4039 1046 4093 lubinus
1065 4039 1138 4092 hanc
1160 4053 1257 4092 uocem
1276 4029 1327 4088 ouri

258 4136 361 4181 serunt.
400 4129 494 4181 Ceteri
512 4129 598 4190 Part,
616 4129 697 4194 0¹1„
716 4131 766 4197 Πχ,
787 4131 840 4184 Gai
858 4131 960 4186 relicui
977 4131 1045 4184 dee.
1080 4132 1183 4186 Pauiio
1203 4135 1265 4200 poet
1283 4119 1327 4196 piu

258 4215 335 4270 ribus
356 4217 501 4273 adiectiuis
519 4220 691 4291 significauit
709 4218 758 4289 τὴν
775 4219 824 4288 τῆς
841 4222 926 4291 ψυχῆς
946 4220 1103 4296 ἀταραξίαν.
