2768 4898
305 290 347 350 re
442 261 445 271 '
656 285 717 351 nn
739 273 917 355 ernanus
939 285 1041 354 non.

304 501 380 549 nem
412 480 525 544 diuina
548 478 608 543 illa
629 482 764 568 ingenia
785 483 1011 548 transferrem!
1056 484 1121 550 Sed
1145 484 1179 547 id
1201 505 1300 571 neque
1324 491 1328 552 l

304 588 430 667 adhue,
475 607 535 651 neo
558 585 636 650 milri
660 599 789 668 tamen,
832 610 873 652 ne
895 589 1034 669 laoiam,
1074 591 1277 656 interdictum
1297 615 1328 677 pt

303 679 411 759 Locos
441 694 572 780 quidem
597 694 776 780 quosdam,
819 697 849 759 ai
878 693 1061 775 uidebitur,
1103 695 1311 776 transferam,

303 821 459 865 maxume
484 799 524 864 ab
548 802 608 879 iis,
633 823 714 886 quos
729 801 831 866 *modo
856 803 1036 879 nominaui,
1054 821 1153 886 quom
1172 803 1328 881 inciderit,

302 908 335 970 id
358 919 434 993 apte
456 905 530 970 fieri
554 909 676 992 possit,
715 918 753 969 ut
776 906 817 971 ab
839 907 984 972 Homero
1004 907 1148 987 Ennius,
1192 909 1328 973 Afrania

301 1013 484 1079 Menandro
507 1012 602 1076 solet.
640 1010 711 1076 Nee
732 1035 823 1093 uero,
848 1027 885 1076 ut
906 1025 1017 1078 noster
1039 1013 1198 1092 Lucilius,
1220 1005 1328 1084 recursa

302 1141 365 1206 qrro
397 1121 504 1184 minus
534 1141 647 1184 omnes
679 1141 753 1183 mea
776 1118 901 1206 legant.
964 1118 1098 1185 Utinam
1124 1133 1212 1184 esset
1232 1119 1328 1185 illell

302 1227 388 1289 sius!
432 1226 543 1312 Scipio
569 1246 648 1290 nero
672 1238 704 1290 et
724 1224 871 1292 Rutilius
893 1223 995 1290 multo
1019 1227 1117 1288 etiam
1142 1230 1265 1314 magia:
1304 1249 1328 1314 qt

353 1409 449 1465 ingonia
463 1409 558 1461 tranas.)
574 1413 606 1454 tr.
623 1410 673 1467 lag.
688 1409 715 1454 Μ
731 1407 898 1465 (ingenuan)
932 1419 976 1452 neo
989 1407 1045 1453 milri
1059 1413 1145 1466 tamea)
1160 1423 1238 1468 neque
1249 1418 1305 1455 tarn.
1320 1423 1328 1454 r

300 1497 330 1528 ne
344 1483 437 1537 leriam)
451 1484 548 1538 ulfic
603 1497 634 1528 ne
649 1483 707 1538 iao..
721 1484 764 1530 iat.
778 1485 842 1542 puto)
857 1486 902 1530 int.
916 1491 969 1541 put.
982 1497 1014 1530 na
1025 1485 1117 1542 sao-l?
1168 1487 1206 1542 ila)
1221 1487 1295 1532 itali

300 1559 366 1613 uara)
382 1571 429 1604 nea
445 1559 490 1604 PR
517 1559 551 1614 ut)
565 1565 610 1604 ant
624 1559 646 1603 E

298 1713 396 1767 Pharii·
410 1725 441 1783 ρ.
457 1713 502 1768 59.
544 1715 617 1768 Sunt
634 1715 697 1768 aliae
715 1719 839 1785 cognatae
858 1715 968 1777 forme,
986 1714 1015 1768 ia
1033 1715 1133 1785 quibua
1144 1720 1207 1786 port
1222 1716 1328 1786 primar

298 1805 465 1860 sententiam
485 1805 643 1860 distinctior
662 1805 837 1876 explicatur,
876 1808 949 1878 quod
968 1812 1033 1861 ento
1051 1808 1213 1878 generalius
1228 1815 1256 1862 et
1272 1808 1328 1862 bret

298 1897 407 1952 dictam
421 1903 463 1972 rt,
481 1899 562 1953 uelut
579 1895 608 1952 in
625 1895 744 1952 oonsilio
760 1898 947 1968 significando
968 1898 1040 1966 (Cio.
1060 1915 1112 1970 pro
1134 1903 1217 1955 Reno.
1239 1901 1328 1958 Amen

296 1989 547 2061 interueniente),
565 1991 594 2044 in
612 1991 803 2061 comparando
825 1991 876 2059 (ad
895 1993 930 2060 Q.
946 1991 1039 2045 Frate.
1058 1989 1172 2056 11,15=
1198 1991 1249 2044 ltoe
1261 1995 1328 2058 sort<

298 2083 433 2150 eofieianr,
453 2083 526 2152 qood
544 2098 617 2152 rapa
635 2083 789 2136 aiatorllna
805 2081 983 2151 romildae).
1019 2082 1140 2160 Diuersa
1157 2088 1183 2138 ol
1199 2101 1233 2139 ea
1244 2087 1328 2140 condi

294 2170 405 2230 nulium
424 2175 629 2231 sententiarum
644 2175 728 2239 ratio,
746 2175 782 2228 de
801 2190 858 2245 qua
875 2174 984 2231 dicetur
999 2176 1036 2228 od
1054 2176 1092 2238 Π,
1109 2175 1170 2228 112

367 2275 394 2321 et
411 2283 537 2321 maxume
555 2267 590 2319 al
609 2267 659 2334 lla)
677 2267 720 2320 nt
739 2267 795 2320 nn.
816 2267 871 2331 Vl,
890 2265 923 2319 2:
962 2268 1050 2336 Atque
1067 2267 1149 2321 irtam
1163 2283 1216 2337 ego
1235 2267 1323 2320 lacurn

297 2357 381 2412 tidem
399 2361 490 2412 aeriis
508 2378 526 2414 a
546 2358 705 2410 Dicaearcho
723 2357 862 2412 transtuli.
916 2359 995 2413 lllole
1019 2359 1109 2430 igitur
1137 2359 1165 2413 ia
1191 2359 1309 2416 Suetoni

295 2451 412 2504 Terent·
431 2471 456 2507 e.
474 2451 511 2512 ὅ,
548 2451 621 2519 quod
649 2447 718 2502 olim
743 2449 897 2503 edebatur:
936 2469 995 2505 rant
1020 2461 1126 2505 centena
1154 2459 1181 2504 et
1199 2431 1260 2504 o'r'to
1275 2455 1328 2518 sal

296 2543 437 2594 connatis
456 2559 475 2594 a
492 2541 654 2605 Menandro,
673 2540 767 2593 nereio
786 2543 898 2609 quondo
917 2550 1056 2598 mutatam
1075 2551 1112 2607 et,
1131 2551 1163 2598 ut
1182 2551 1269 2598 earet:
1291 2563 1306 2597 e
1325 2545 1328 2598 l

237 2649 253 2660 ·
294 2634 413 2686 nandro.
466 2634 540 2686 Num
559 2632 612 2686 otei
630 2631 734 2685 dicitnr
751 2631 841 2698 (libro
858 2639 902 2698 11,
928 2634 975 2700 2):
1015 2637 1167 2690 ePlalone
1187 2637 1315 2706 intellegi

295 2729 364 2787 teat,
393 2721 428 2775 tle
446 2721 700 2794 significationibus
717 2741 769 2794 per
788 2726 883 2780 omnia
901 2726 1006 2798 scripta
1028 2729 1146 2800 sparsis,
1166 2731 1328 2802 tamensim

293 2805 361 2875 loci,
380 2814 471 2885 megia
491 2813 579 2869 etiem
597 2816 718 2880 tabule,
738 2823 888 2872 sumuntur
910 2825 939 2872 ot
959 2827 1165 2876 conuertuntur
1182 2837 1201 2874 a
1217 2823 1328 2876 Monam

294 2907 371 2960 Solet
387 2923 443 2960 ora.
463 2906 522 2960 cod.
541 2906 691 2978 scaligeri.
1285 2967 1288 2974 ,

366 2998 403 3052 Ul
421 3003 515 3051 noaler
534 2998 671 3066 leonillae)
689 2999 717 3052 ll
735 3000 770 3052 da
788 3000 867 3054 Orat.
886 3004 900 3071 5
918 3001 971 3058 25ε
1002 3003 1031 3056 G.
1053 3005 1195 3070 lencilino,
1233 3007 1311 3060 loma

293 3097 355 3144 elur
374 3091 606 3158 reparatarum,
625 3091 716 3144 dicere
735 3091 857 3156 nolebat,
875 3111 925 3160 ea,
943 3115 1003 3165 quta
1021 3099 1161 3163 arrideret,
1180 3117 1266 3168 neque
1284 3085 1328 3150 alr

293 3182 466 3234 dootireurnia
484 3198 617 3250 seneque
641 3183 675 3235 ab
702 3184 876 3238 dootlrearnir
903 3187 963 3258 legi
980 3189 1067 3252 aelle,
1103 3193 1176 3259 qaod
1202 3191 1287 3244 alteri
1315 3209 1328 3244 n

293 3273 498 3342 intellegerent,
538 3275 622 3326 alteri
635 3274 702 3342 plus
719 3279 846 3341 sarturae
870 3297 952 3348 quam
973 3282 1030 3349 ipae
1038 3301 1049 3346 ‚·
1085 3283 1119 3334 de
1135 3301 1186 3352 qao
1216 3283 1288 3356 (non
1309 3301 1328 3336 rt

292 3364 463 3419 reeentiorer
483 3373 583 3420 eontra
604 3368 683 3420 codd.
703 3369 737 3422 do
753 3371 899 3433 omittant;
921 3389 972 3440 qao
992 3373 1033 3425 sic
1053 3373 1328 3452 dioinallomod01

293 3457 367 3522 eet;)
395 3457 624 3528 etiamteripaite
650 3457 907 3515 Perriarnnon
934 3482 1022 3517 earo
1050 3465 1202 3534 legem
1239 3469 1286 3520 laic
1315 3481 1328 3520 a

287 3548 365 3613 snit,
396 3555 589 3612 ratumenna,
627 3552 744 3605 omnium
758 3557 822 3620 sere
846 3561 1001 3609 nostrornm
1024 3555 1162 3612 hominurn
1180 3561 1328 3616 doetierum

293 3640 447 3692 locellum
466 3641 649 3695 Deoimanr
667 3645 772 3706 nolo,-
807 3663 886 3713 qoem
913 3649 1091 3717 eognoaimor
1118 3652 1208 3704 airam
1236 3654 1328 3706 benun

290 3749 344 3786 non
362 3731 555 3796 inlitteratum,
574 3735 623 3787 red
640 3735 711 3788 atla
729 3736 768 3790 ad
786 3735 922 3793 Persium.
949 3741 991 3792 De
1011 3729 1162 3805 GssPeraio,
1183 3743 1328 3798 Gracchot

290 3823 400 3895 aquati,
418 3824 471 3878 cir.
490 3827 572 3880 Brut.
590 3825 635 3880 99.

360 3916 452 3986 Scipio
482 3933 547 3970 aero
567 3923 592 3970 et
618 3917 754 3982 Rutiliae)
791 3918 953 3989 Scipionem
977 3921 1139 3978 litteratum
1166 3924 1220 3979 illa
1246 3930 1316 3978 telos

290 4009 392 4064 habuit
408 4007 461 4064 nini
479 4009 510 4063 P.
529 4008 696 4064 Africanam
715 4009 870 4077 minorem,
890 4013 925 4066 de
945 4033 1000 4085 qno
1019 4017 1076 4075 uid.
1097 4017 1224 4070 Ellendt.
1246 4017 1328 4069 Prolt

290 4100 326 4152 ad
346 4101 405 4158 cic.
423 4101 505 4155 Brut.
523 4119 549 4172 p·
569 4101 663 4154 XXV.
698 4101 730 4155 P.
749 4103 842 4158 Rutili
859 4105 945 4168 nott,
965 4109 1087 4162 hominia
1106 4126 1194 4180 propo
1213 4109 1328 4178 perfect

289 4189 408 4258 Stoielr,
435 4198 485 4265 qui
504 4193 764 4265 postconsulatum
782 4193 905 4262 (aloa)
925 4196 1033 4255 iniusta
1051 4199 1240 4256 damnationis
1263 4200 1328 4254 coln

288 4286 349 4335 telo
363 4283 528 4341 nobilitatur
547 4291 598 4356 erl,
615 4288 708 4341 multo
725 4287 800 4356 apud
817 4287 982 4346 Ciceronem
1002 4293 1140 4348 mentioni
1159 4291 1302 4360 (nitendi.
1322 4291 1328 4346 1
