2728 4878
232 317 274 378 st
462 403 469 424 ι
583 314 643 378 DE
664 310 842 378 FlNlBUS
865 309 969 378 BON.

233 531 305 574 esse
329 520 481 573 contentu
511 521 622 594 posset
650 505 709 574 nec
730 507 798 574 ulle
820 530 895 594 para
919 509 1082 571 necuitnte
1104 509 1227 574 doloris
1249 515 1316 576 eine

232 617 372 682 iucundo
402 627 490 680 motu
521 613 711 700 uoluptatis.
779 616 837 679 Sin
867 627 976 678 eutem
1003 637 1131 680 suntme
1168 615 1317 704 uoluptas

232 737 299 800 eet,
328 735 363 784 ut
388 720 529 807 Epicuro
553 718 678 806 placet,
713 720 795 784 nihii
818 720 950 800 dolere,
973 725 1113 808 primum
1138 721 1199 786 tibi
1220 738 1316 802 recte,

231 828 432 914 Chrysippo,
451 847 640 892 concessum
662 840 709 906 st,
733 826 816 891 nihil
839 827 1025 892 desiderare
1050 849 1201 908 nrunum,
1222 851 1314 914 quom

229 939 276 998 ita
299 946 385 998 esset
406 933 552 1010 adiectu,
587 933 764 996 secundum
787 954 851 996 non
874 945 982 1011 recte,
1005 935 1033 995 si
1058 931 1210 1016 uoluptas
1234 949 1318 997 essct

230 1041 370 1119 bouum,
403 1039 504 1104 inisse
526 1039 795 1110 desideraturum.
841 1037 966 1102 Idcirco
991 1041 1077 1102 enim
1104 1061 1167 1103 non
1193 1040 1316 1104 deside-

228 1161 327 1224 raret,
345 1147 432 1231 quin,
457 1144 541 1229 quod
565 1143 678 1208 dolore
699 1156 801 1220 caret,
822 1143 856 1208 id
878 1145 911 1206 in
933 1142 1100 1229 uoluptate
1124 1158 1164 1208 st.

318 1250 399 1316 xtl.
445 1251 498 1311 40.
531 1249 724 1314 Extremum
755 1263 864 1313 autem
888 1270 960 1312 esse
985 1248 1144 1314 bonorum
1168 1249 1316 1333 uolupta-

228 1372 313 1437 tcru,
358 1379 402 1419 ex
432 1353 493 1418 hoo
522 1355 689 1421 facillume
721 1358 863 1442 perspici
887 1367 1004 1441 potest.
1072 1353 1315 1420 Constituamus

228 1465 369 1548 aliquem
393 1462 540 1545 ruagnis,
563 1461 694 1539 multis,
719 1463 885 1548 perpetuis
908 1462 1070 1527 fruentem
1096 1475 1129 1526 et
1152 1465 1262 1526 animo
1286 1475 1314 1525 ct

227 1589 362 1653 corpore
394 1564 636 1650 uoluptatibus,
680 1565 772 1631 nullo
808 1566 922 1630 dolore
953 1589 1012 1632 nec
1041 1568 1227 1653 inpediente
1259 1591 1314 1631 nec

227 1673 442 1759 inpendente3
492 1693 587 1756 quem
610 1672 740 1736 tandem
760 1673 821 1737 hoc
845 1686 930 1736 stetu
958 1673 1241 1758 praestabiliorem
1262 1689 1313 1738 ant

227 1781 332 1867 retegis
361 1777 581 1864 expetendum
613 1799 785 1862 possumus
816 1779 945 1844 dicerei
994 1778 1106 1844 Inesse
1136 1782 1223 1844 enim
1263 1803 1313 1842 ne·

279 1987 323 2020 nee
337 1975 386 2020 ulle
400 1973 462 2031 pere)
478 1978 505 2015 ut
520 1971 573 2015 uida
585 1971 679 2028 peren
696 1972 749 2016 utta
763 1974 845 2027 ceteri,
859 1975 901 2018 0r.
964 1975 1066 2030 adiecta)
1081 1978 1171 2032 effectu
1191 1951 1212 2018 a'
1273 1987 1312 2018 neu

226 2056 300 2109 reete,
314 2051 344 2105 ei)
358 2053 381 2094 et
394 2062 442 2093 non
458 2048 561 2092 centeii
615 2051 649 2095 tu.
665 2049 795 2106 perpetuis)
809 2051 861 2094 edd.
878 2051 958 2104 ᾳιιιΙι
995 2052 1047 2105 nee)
1061 2063 1105 2096 ern.
1121 2049 1142 2094 Β
1156 2050 1246 2107 (priore
1261 2051 1314 2102 tuen)

224 2129 376 2187 inpendente)
391 2127 532 2182 inpediente
547 2124 567 2168 1¹
595 2125 857 2182 murmurmurmur
872 2126 936 2172 Pca

296 2313 346 2347 uec
363 2293 422 2346 uiia
438 2307 507 2358 pere
525 2291 667 2344 vacuitate
688 2291 803 2360 doloris)
824 2291 1283 2364 Postulabantlrancscripturam,
1301 2307 1315 2343 a

225 2386 282 2443 Th.
298 2383 428 2439 Bentleio
446 2390 474 2436 ct
488 2381 602 2436 Bauieio
616 2384 775 2452 probatem,
795 2385 916 2456 uestigia
931 2386 958 2439 in
977 2387 1041 2440 Pal.
1056 2385 1147 2456 primo
1164 2384 1314 2438 manifesta

226 2475 515 2546 (possetneeuilupur
523 2472 599 2541 uae.)
609 2473 636 2528 iu
644 2475 704 2526 art.
713 2474 887 2543 obscuriora,
904 2477 932 2531 in
940 2475 1041 2532 ceteris
1051 2494 1128 2547 pane
1137 2475 1313 2534 oblitteratura

226 2585 291 2621 nam
307 2566 388 2619 iniit.
404 2561 422 2617 2
444 2566 479 2618 ad
493 2564 651 2635 marginem
665 2566 887 2638 scriptumeratt
907 2571 1071 2624 Aiiiututin
1079 2569 1314 2638 prrreuucur'tntc,¹

224 2662 254 2716 in
272 2657 486 2729 marginecrat.
506 2658 542 2712 ad
560 2658 619 2710 uilo
638 2659 778 2712 uncuitute
796 2661 1010 2716 ndnotatnnrctr
1028 2663 1115 2725 ''itin3
1134 2660 1195 2725 aiii,
1215 2660 1313 2712 utaltn

222 2769 292 2822 pare
318 2749 493 2814 caecitatem
530 2750 597 2804 Bas.
615 2751 759 2807 habebute
793 2755 888 2819 posset
905 2771 939 2806 nc
957 2754 1016 2807 ullu
1030 2753 1175 2822 paruitate
1194 2753 1313 2816 dodorim

224 2845 370 2916 postulare
392 2841 478 2896 etium
496 2843 636 2897 sententie
657 2849 685 2897 et
704 2843 794 2897 cretio
814 2845 972 2899 uidebatur.
1031 2847 1129 2916 Neque
1145 2843 1219 2897 eninr
1240 2846 1314 2897 nilus

224 2937 271 2992 hic
289 2943 331 2993 eet
348 2937 511 2998 descensus,
536 2935 679 3005 nequead
701 2938 903 3004 precedentem
923 2939 1107 3009 negationem
1126 2935 1270 2992 adiunctio
1288 2937 1314 2988 in

225 3048 295 3086 uoce
312 3045 428 3094 manue,
453 3033 483 3079 nt
502 3043 552 3078 nce
570 3045 621 3097 pro
639 3044 673 3080 ne
691 3056 724 3067 —
742 3029 850 3096 quidem
868 3030 960 3100 nccipi
981 3029 1027 3083 uix
1047 3037 1124 3084 recte
1142 3029 1245 3098 poesitr
1284 3045 1313 3081 ac

224 3125 247 3178 ei
268 3123 371 3194 poerit,
390 3137 444 3174 nun
465 3119 530 3189 poni
549 3123 591 3174 ita
610 3136 627 3174 a
646 3119 803 3188 Cicerone,
824 3121 954 3175 enincam
972 3121 1001 3175 in
1020 3139 1137 3177 excursu
1155 3122 1190 3175 ed
1210 3122 1255 3188 tt,
1274 3121 1314 3175 25.

168 3249 170 3260 ·
223 3216 266 3270 Ne
283 3215 343 3267 ulia
361 3211 490 3266 numitor
514 3211 626 3283 quidem
653 3217 730 3266 reete
757 3211 920 3279 dicebatur,
960 3231 1045 3283 quom
1063 3231 1120 3269 nna
1139 3221 1228 3278 creet,
1266 3231 1315 3268 nec

224 3323 328 3378 genere
346 3305 482 3358 differret
516 3310 616 3374 Itaque
635 3303 796 3359 Gulielmus
815 3307 866 3359 iliu
881 3304 1032 3371 rcribebat,
1047 3307 1168 3360 iurtneso
1186 3323 1200 3358 e
1219 3308 1316 3360 codice

224 3396 338 3466 eliquo;
357 3411 423 3447 num
442 3399 482 3447 stc
503 3393 575 3448 Gud.
595 3394 623 3460 2,
641 3396 715 3451 conl.
738 3414 795 3468 mg.
815 3397 892 3451 crat.
927 3399 983 3453 Sed
1001 3399 1106 3451 nullent
1121 3405 1241 3467 partem,
1262 3415 1315 3452 non

224 3487 320 3542 addito
339 3485 482 3554 eorporis,
523 3486 605 3540 nimis
623 3487 732 3542 infinite
750 3487 807 3542 dici
825 3492 1006 3546 contendunt.
1057 3490 1196 3562 Equidem
1218 3507 1253 3543 ex
1275 3509 1316 3554 co,

225 3580 300 3653 qnod
321 3593 377 3630 una
396 3575 491 3646 aliqua
509 3577 636 3648 eorporis
656 3596 730 3649 pare,
749 3599 858 3647 manua,
877 3583 1023 3636 nominata
1041 3588 1132 3647 erret,
1153 3579 1221 3636 satia
1242 3583 1315 3636 iilud

224 3669 318 3726 audiri
337 3667 460 3739 potuisse
478 3671 579 3735 credo,
606 3673 844 3741 quemadmodum
864 3673 913 3728 tiu.
935 3675 981 3740 11,
1007 3673 1059 3726 118
1077 3671 1185 3746 optumi
1206 3675 1317 3728 codices

223 3763 389 3825 declarent,
426 3759 607 3827 Ciceronem,
634 3781 719 3835 quom
744 3771 809 3819 ante
832 3766 951 3818 membro
970 3781 1118 3834 scaenaque
1135 3763 1316 3826 nominasset,

223 3855 391 3918 subiecisse,
409 3858 441 3905 ut
457 3853 569 3907 relicere
585 3861 704 3921 parrer,
722 3875 796 3921 nun,
822 3864 854 3910 ut
870 3857 983 3910 relicum
1003 3859 1126 3927 eorporis
1141 3865 1248 3927 partes.

293 3948 362 4018 Gap.
380 3944 455 4006 xit,
474 3945 517 4001 di).
558 3943 721 4016 Fuetttomc)
747 3953 780 4003 In
801 3948 866 4003 edit.
893 3950 972 4003 Mau.
1004 3948 1119 4021 irrepsit
1137 3951 1227 4016 jacite
1251 3967 1317 4021 pro·

222 4047 415 4112 pagatnrnqne
434 4043 460 4092 ei
477 4038 514 4092 ad
540 4035 622 4092 aliua
674 4039 777 4094 Puuiio
803 4047 867 4105 nort
887 4042 1026 4111 poscimur
1053 4041 1138 4104 etiam
1159 4043 1233 4097 (ind.
1255 4043 1318 4096 let

222 4129 255 4193 2,
277 4133 342 4184 Bae.
398 4129 480 4190 Ferri
505 4132 615 4199 potest,
655 4134 686 4183 ut
713 4147 777 4186 cnm
804 4133 969 4188 condicione
997 4135 1209 4208 interrogetur,
1248 4153 1317 4208 opor

223 4237 278 4273 nun
298 4227 348 4274 eet.

292 4314 387 4364 Inesse
412 4315 480 4368 enim
497 4333 606 4371 aecceec
626 4317 667 4382 et)
704 4313 812 4372 simitu
830 4317 927 4390 imago
945 4318 1082 4390 sapientie
1099 4317 1175 4375 beati
1195 4323 1222 4376 et
1239 4320 1315 4392 apud
