2872 5326
237 276 301 346 ⁰12
588 269 648 334 DE
671 265 848 337 FINIBUS
871 265 973 335 Bon.

240 441 334 535 nesta
365 473 481 552 suapte
502 469 624 528 natura
655 483 724 529 esse
747 461 945 549 metenda,
975 460 1128 526 indicant
1153 469 1185 527 et
1206 481 1328 548 puero·

238 597 308 642 run
338 582 373 638 et
399 576 505 656 nagis
532 575 631 634 etiass
661 569 846 634 adnitornss
868 567 1031 633 honinssn
1051 567 1182 632 indicia
1205 575 1240 632 et
1262 577 1330 635 sss-

241 685 299 749 riia
328 681 373 762 (c.
392 679 463 762 ²2).
519 675 563 740 In
587 681 675 740 onai
694 683 801 740 anien
821 672 954 738 honesto
978 671 1064 738 ninii
1084 681 1135 737 est
1152 682 1219 738 tan
1242 675 1330 737 inim

241 797 308 860 stre
330 807 390 851 nec
414 781 501 870 qnod
521 789 587 844 tans
609 781 677 845 late
695 789 826 867 pateat,
848 801 943 866 quan
967 785 1117 854 institio3
1143 779 1202 842 seri
1221 798 1331 842 onnes

240 900 380 960 oirtotes
399 897 449 954 ita
471 886 618 966 confusas
639 896 674 950 et
692 891 874 952 coniuncta
896 895 992 963 sont,
1032 893 1070 949 ot
1088 885 1243 968 separari
1265 891 1333 948 nisi

237 995 498 1088 philosophorum
520 999 653 1058 ratione
674 997 895 1077 nonpossint.
941 989 992 1056 Et
1014 997 1165 1076 qnoniam
1187 995 1275 1054 inest
1293 997 1327 1053 in

241 1111 364 1172 nirtrste
394 1121 475 1166 cora
502 1099 649 1186 quadan
681 1103 779 1185 qnasi
787 1095 892 1176 foras
912 1082 1081 1182 epectons,
1128 1115 1174 1160 ec
1194 1117 1257 1182 qno
1281 1095 1331 1174 ir,

241 1218 279 1276 nt
299 1213 418 1286 arnici,
434 1210 634 1291 propinqui,
677 1211 777 1282 ciues,
798 1223 907 1268 onnes
928 1205 1067 1288 deniqne
1090 1201 1234 1266 honines
1254 1223 1330 1286 pro·

238 1325 369 1400 pierre
392 1311 573 1397 expetendi
594 1315 671 1388 sint,
695 1311 759 1373 dno
778 1330 905 1395 genera
924 1319 1000 1373 sont
1015 1317 1150 1395 propter
1172 1330 1208 1374 se
1230 1328 1331 1394 expe·

243 1420 434 1496 tendorstn,
457 1436 555 1480 nnnss
576 1421 612 1480 in
633 1422 715 1501 ipsis
734 1416 838 1496 nobis,
858 1435 930 1501 qna
952 1424 1030 1480 sont
1052 1417 1157 1479 onini
1177 1423 1238 1480 ant
1257 1437 1329 1480 cor·

236 1531 350 1613 poris,
393 1523 532 1587 alternos
556 1528 782 1601 extrinsecos,
814 1530 853 1587 nt
873 1527 991 1601 anici,
1020 1531 1195 1606 parentes,
1223 1522 1330 1586 liberi.

244 1629 314 1696 Sed
343 1627 405 1694 hoo
432 1629 572 1692 alternos
600 1646 705 1714 genns
727 1647 792 1692 non
816 1625 1089 1705 continetnrfine
1110 1625 1264 1692 bonornss
1287 1633 1330 1707 (c.
1415 1627 1416 1634 ’

241 1739 318 1820 28),
355 1742 388 1798 et
409 1742 518 1797 tanen
540 1739 649 1798 onnia
669 1733 717 1797 ad
737 1753 807 1798 ensn
833 1730 1044 1810 reserantem
1090 1753 1164 1797 nans
1191 1733 1331 1798 'externa

243 1852 370 1907 toennr
391 1844 435 1902 iis
458 1835 593 1917 officiis,
635 1859 705 1926 qna
726 1843 876 1903 oriuntur
897 1859 919 1904 a
940 1838 1128 1904 uirtutibus.
1191 1837 1330 1904 Uirtutis

181 2007 188 2022 ,
239 1951 463 2032 prestantiasn
493 1949 553 2029 qni
579 1965 644 2009 non
666 1943 798 2025 trident,
841 1949 872 2009 ii
888 1953 997 2009 tanen
1016 1944 1127 2029 gloria
1151 1952 1329 2020 nocenter,
1415 1983 1416 1996 ι

242 2073 311 2137 qna
338 2049 436 2114 habet
456 2049 702 2114 sinilitndinens
725 2047 915 2115 honestatis.
980 2049 1040 2115 En
1062 2055 1186 2116 nirtnte
1207 2061 1241 2113 et
1261 2071 1331 2114 cor·

241 2161 333 2243 poris
351 2155 443 2219 bonis
461 2155 645 2220 aemulator
667 2163 701 2220 et
721 2152 904 2221 absolsitnr
925 2166 1103 2221 entrennn
1125 2165 1159 2220 et
1178 2177 1330 2221 snnnnss

244 2261 377 2337 bonnm
403 2261 464 2325 sed
482 2269 590 2326 tanen
611 2269 737 2325 tanturn
762 2269 880 2328 ceteris
901 2268 1007 2327 stirias
1021 2271 1178 2348 prestat,
1200 2271 1252 2339 nt,
1274 2269 1334 2348 qni

243 2389 314 2433 eon
337 2365 500 2445 habeant,
530 2387 655 2450 resspcr
675 2372 745 2432 sirit
767 2366 858 2433 beati
878 2369 921 2448 (c.
943 2371 1012 2453 24).
1068 2367 1127 2433 Ec
1148 2366 1212 2432 hac
1229 2368 1332 2452 plena

243 2483 278 2537 et
302 2471 456 2559 perfecto
491 2473 717 2555 explicatione
736 2480 853 2539 sunni
873 2473 951 2538 boni
968 2476 1032 2538 alii
1050 2473 1239 2559 philosophi
1253 2497 1332 2558 par-

243 2580 364 2642 ttcotas
387 2575 544 2662 quondan
568 2582 799 2663 arripuerunts
841 2577 951 2644 Stoici
971 2583 1080 2644 onnia
1102 2582 1148 2645 ari
1169 2601 1205 2644 se
1227 2587 1333 2644 nsta-

243 2689 287 2746 tis
310 2674 493 2746 noninibos
514 2685 753 2748 transtulerant
774 2686 818 2763 (c.
839 2685 912 2768 25).
977 2685 1036 2750 Ad
1044 2684 1151 2762 fineen
1169 2687 1332 2770 perdocta

245 2789 380 2856 Pisonis
401 2787 642 2872 disputatione,
674 2788 726 2852 M.
750 2788 864 2853 Cicero
889 2796 1002 2854 uereri
1019 2811 1054 2854 sc
1076 2792 1176 2870 dicit,
1205 2801 1241 2854 nt
1265 2798 1332 2856 nir-

227 2904 295 2962 ‚tos
323 2893 450 2959 beatarn
472 2897 574 2957 nitan
598 2893 735 2973 erficere
753 2902 878 2979 possit,
899 2903 947 2976 si,
979 2905 1017 2960 nt
1039 2897 1256 2981 Peripatetici
1269 2917 1332 2982 pn-

243 3007 333 3079 tent,
367 3001 437 3075 ntia
458 2996 595 3063 bonnet
616 3002 703 3065 rnala
724 3007 793 3065 sint
809 3010 931 3086 prater
952 3000 1150 3068 honestatem
1174 3010 1207 3065 et
1227 3007 1331 3086 torpi-
1416 2991 1417 3008 ³

185 3171 190 3180 ,
243 3107 398 3172 tudinem.
464 3104 540 3168 Piso
570 3105 657 3170 iliad
684 3127 750 3170 non
782 3111 887 3171 ninus
918 3113 953 3171 in
983 3109 1206 3194 Peripatetico
1233 3107 1331 3170 disci·

237 3213 337 3296 piinn
360 3207 459 3277 ectici
477 3209 624 3288 indicat,
646 3232 741 3296 pnosn
759 3213 850 3298 apud
871 3210 1011 3292 Stoicos,
1033 3235 1055 3278 a
1076 3212 1191 3299 qos'bos
1213 3234 1331 3298 aspero

243 3325 279 3379 et
304 3315 474 3380 reicienda
504 3317 734 3399 appellentur,
779 3337 848 3402 qooe
877 3339 899 3382 a
919 3319 1150 3404 Peripateticis
1174 3321 1263 3384 nala
1287 3319 1330 3398 (.

241 3419 315 3503 26).
385 3418 539 3484 Ciceroni
559 3418 668 3485 Stoici
695 3429 934 3488 constantiores
961 3425 1119 3490 reicientur
1148 3445 1208 3488 nec
1236 3423 1331 3488 beato

243 3531 411 3612 qnisquam
432 3523 560 3590 beatior
581 3547 652 3591 esse
666 3547 762 3612 posse
786 3530 834 3612 (c.
855 3531 899 3594 tt
917 3538 950 3594 et
970 3532 1040 3614 28).
1103 3533 1222 3614 Itaque
1241 3531 1330 3608 Piso,

242 3653 326 3698 nossa
355 3640 480 3716 canpto
509 3633 664 3722 exordio,
702 3643 874 3720 postqsrass
897 3655 1019 3700 onnes·
1037 3633 1276 3720 philosophicus
1295 3641 1330 3700 in

242 3743 315 3802 nita
344 3735 442 3800 beata
471 3739 683 3822 conparanda
714 3745 845 3805 uersari
871 3741 1032 3819 ostendit,
1078 3739 1207 3806 Stoicos
1230 3749 1332 3826 negat

172 3887 177 3900 ·
242 3847 337 3908 nosris
366 3841 548 3906 nominibus
577 3847 832 3909 inconstantiam
853 3845 1039 3932 effugisse,
1089 3853 1122 3910 si
1143 3863 1207 3932 qna
1222 3843 1332 3921 suerit

242 3948 332 4032 apud
355 3955 489 4012 oeceses
521 3947 565 4025 (c.
593 3949 672 4030 29);
718 3951 778 4014 sesi
804 3950 1043 4034 Peripateticos
1071 3951 1137 4016 sibi
1158 3961 1328 4024 constares

242 4072 347 4138 neque
376 4057 461 4116 enin
494 4071 549 4117 eos
571 4053 651 4132 iila,
691 4073 761 4138 qnos
780 4054 865 4120 bano
890 4062 1037 4141 corporis
1056 4067 1088 4123 et
1108 4066 1251 4122 externa
1272 4075 1330 4142 ap·

235 4157 383 4242 pellent,
423 4157 533 4240 pluris
562 4167 747 4238 oestnssare,
791 4179 887 4247 qnam
915 4159 1023 4228 Stoici
1054 4162 1217 4228 connoda
1239 4170 1330 4226 asts·

241 4271 345 4337 nem
387 4270 422 4326 et
448 4272 488 4328 nt
511 4274 625 4330 cetere
654 4285 707 4330 rer
739 4285 784 4332 etr
803 4271 973 4354 praespnss
990 4277 1092 4354 parte
1113 4268 1328 4356 appellentur,
