2788 4886
476 295 730 368 eumenum.
1052 307 1152 379 LXV

63 521 114 564 occ
134 497 275 562 obscure
295 497 366 583 ipse
385 498 418 582 (ς
440 498 494 581 tc)
517 497 657 563 eundern
677 495 866 586 significare
886 500 1029 582 uidetur,
1050 523 1149 591 quem

64 610 91 670 in
104 602 186 669 lilrro
208 603 369 690 primode
386 617 504 669 nature
520 605 654 670 deornm
679 616 811 670 cccmus
836 617 897 670 est.
942 607 981 672 ln
1005 613 1150 677 seeundo

61 711 135 776 libro
148 729 346 798 quemquern
368 709 505 776 liberior
527 723 578 776 est
602 711 736 799 Epicuri
758 713 933 777 insectatio
957 729 1148 805 eorumque,

64 845 124 910 que
145 823 185 888 ed
204 823 362 886 uirtutem
376 819 666 885 commendendam
687 818 862 899 dicuntur,
883 825 1076 902 exornatio,
1099 835 1149 890 ιιι-

63 953 125 996 men
146 931 246 996 etiem
273 947 329 1003 eu,
361 945 434 1013 qoee
457 926 563 991 uideri
583 929 711 1013 possint
735 920 777 992 sb
800 929 874 1014 ipsu
896 931 1105 1018 excogitata,
1128 955 1149 1000 ιι

64 1035 173 1102 Grecis
194 1045 328 1120 compte
350 1053 444 1114 etse,
491 1032 648 1121 exemplo
678 1045 708 1098 tt
730 1033 833 1115 illud,
879 1037 967 1124 quod
987 1039 1022 1102 in
1043 1041 1063 1119 ς
1085 1041 1149 1104 loll

65 1143 381 1208 connremoreuimns.
446 1137 516 1205 Nec
538 1139 681 1206 dubitari
704 1151 833 1228 potest,
876 1145 955 1229 quin
987 1163 1146 1210 maxume

65 1271 128 1336 pars
147 1247 333 1334 Chrysippo
352 1243 511 1312 debentur
525 1249 558 1331 (9
578 1248 647 1332 44),
669 1250 741 1313 eloe
767 1269 813 1313 ex
836 1251 907 1314 eius
930 1251 1037 1336 ipsius
1061 1249 1149 1317 libro

67 1375 99 1417 ee
116 1351 224 1419 Cicero
248 1355 419 1442 excerpsit
448 1357 519 1418 siue
553 1375 599 1418 ex
624 1352 781 1436 alicuine,
827 1357 882 1443 qui
911 1372 986 1420 eunt
1015 1367 1147 1422 secutur

68 1475 134 1522 eret.
173 1459 224 1524 De
250 1461 353 1524 tertio
382 1458 469 1524 libro
487 1462 678 1546 expositum
709 1474 740 1526 et
768 1464 800 1526 in
836 1480 982 1528 excursu
1015 1464 1145 1549 quintos

69 1577 198 1650 quonum
237 1579 273 1631 et
313 1568 461 1653 quintum
500 1577 589 1632 totoe
620 1567 663 1632 ub
694 1569 861 1636 Antiocho
903 1589 978 1634 esse
1011 1571 1145 1652 etipse

70 1671 188 1736 ostendit
201 1671 322 1739 Cicero
344 1683 377 1736 et
398 1673 571 1739 dictumst
591 1673 631 1738 de
649 1695 688 1740 eu
708 1697 745 1740 re
764 1677 799 1740 io
819 1693 963 1742 excursu
984 1687 1145 1764 septumo.

141 1783 209 1858 Η.
258 1779 405 1845 Ferreus
427 1781 481 1858 sit,
505 1798 601 1867 quern
626 1800 699 1848 nou¹
718 1793 851 1847 mouent
874 1783 986 1871 imago
1008 1778 1148 1850 Cicero·

70 1885 112 1945 nis
129 1885 204 1949 iuter
222 1885 452 1973 genuissemus
477 1905 589 1970 curus,
636 1909 683 1953 ex
714 1883 863 1952 honestis
886 1893 1013 1955 caussis
1042 1901 1143 1971 ortes,

71 1989 103 2052 dc
118 1989 321 2078 philosophia
349 1991 522 2055 scribendo
544 1994 701 2054 cointium
725 1995 897 2076 capientis.
945 1995 1011 2059 Sed
1034 2007 1144 2061 tumen

71 2115 121 2158 noo
142 2111 204 2162 eret
233 2121 276 2164 ea
309 2099 410 2162 enimi
441 2108 692 2183 temporumque
720 2096 868 2160 condicio
898 2100 1078 2184 eptierume
1102 2103 1143 2164 ed

71 2201 325 2284 hsncmateriem,
346 2206 376 2268 ei
400 2204 591 2289 presertim,
617 2203 722 2289 quiin
745 2201 808 2268 lroc
823 2222 946 2288 genere
968 2205 1145 2292 cogitandi,

72 2329 121 2394 qno
155 2311 226 2398 ipre
262 2313 418 2376 notiones
449 2311 537 2374 omni
568 2309 714 2373 detrecto
750 2308 924 2376 inuolocro
965 2308 1144 2378 artificiose

72 2427 232 2498 tractentur,
246 2439 317 2483 non
336 2431 424 2482 esset
442 2419 759 2482 exercitetirrumus.
802 2413 928 2502 ltaque,
947 2419 1011 2480 nisi
1030 2438 1143 2508 eupor-

72 2523 170 2588 stitiosi
195 2525 316 2590 merito
338 2523 402 2588 diui
424 2521 597 2603 uolumus,
629 2519 850 2588 confitendum
873 2535 904 2588 st
927 2530 1059 2608 operte,
1089 2543 1142 2589 ec·

71 2627 166 2694 cidisse
184 2631 350 2697 interdurn
372 2627 543 2706 Ciceroni,
567 2631 689 2716 quein
711 2628 771 2693 tuli
793 2649 908 2694 cauere
933 2631 1141 2716 expectando

71 2749 154 2801 erent.
189 2737 276 2804 Nem
300 2737 476 2816 interdum,
497 2755 594 2822 quom
617 2735 785 2800 incidisset
800 2737 834 2800 in
854 2751 905 2800 reu
928 2738 1141 2822 spinosiores,

70 2843 189 2924 quedam
219 2845 321 2910 nimie
352 2841 497 2907 breuiter
527 2853 560 2904 et
582 2839 722 2906 obscure·
751 2843 937 2927 excerpsit,
984 2857 1140 2907 rnexnme

70 2949 94 3009 in
110 2945 182 3016 libro
202 2955 305 3018 tertio
328 2957 380 3029 (ut
402 2949 508 3033 cupite
529 2956 679 3034 septumo
705 2947 843 3036 ullisque
868 2945 978 3030 locis),
1002 2945 1069 3010 alin
1093 2949 1141 3012 tic

70 3058 167 3138 ponit,
188 3071 312 3124 utnon
336 3059 416 3122 setin
440 3056 624 3140 adpeteret,
646 3073 712 3142 quo
733 3061 918 3140 spectarent
941 3056 993 3132 (nt
1015 3049 1076 3130 ΙΙΙ,
1098 3045 1142 3116 tt

70 3171 92 3220 rt
109 3163 175 3246 49),
208 3167 242 3231 iu
263 3163 459 3252 quibusdum
483 3183 547 3226 noo
572 3163 652 3226 rotis
677 3161 824 3226 adtendit
846 3159 887 3224 ed
908 3158 1141 3245 disputationis

69 3287 249 3354 progressum
267 3274 319 3354 (ut
342 3273 374 3334 in
394 3267 453 3332 lib.
479 3267 523 3348 V,
546 3271 611 3351 tu),
635 3265 801 3332 nonnullis
822 3265 905 3330 loeis
930 3279 1140 3351 argumento·

69 3393 123 3436 turn
140 3379 261 3443 cutione
286 3373 513 3442 conclusorum
535 3375 673 3440 lorruom
691 3387 723 3439 et
746 3375 813 3438 uirn
837 3393 951 3459 purum
974 3375 1140 3456 expressit

69 3478 253 3564 (utillud,
274 3481 336 3563 111,
357 3485 419 3562 28,
442 3481 509 3560 tv,
529 3483 612 3562 5⁰),
634 3503 700 3546 uno
725 3492 758 3546 et
780 3478 885 3546 altero
909 3479 982 3545 looo
1004 3499 1138 3567 prorsus

69 3585 208 3652 ontionem
231 3591 282 3653 rei
303 3585 518 3676 perturbeeit,
540 3600 577 3652 ut
599 3586 662 3668 IV,
683 3589 737 3666 68,
760 3585 934 3673 alienoque
955 3585 1139 3665 ndmieeuit,

70 3699 95 3746 ιι
113 3709 200 3775 quom
224 3693 368 3781 Epicuro
392 3695 537 3760 Stoicum
570 3692 647 3758 linis
671 3691 896 3758 definitionem
928 3691 1069 3771 subicit,
1098 3693 1137 3756 de

68 3813 116 3874 quo
134 3795 251 3867 dietum
275 3813 307 3866 st
341 3804 375 3866 iu
408 3801 572 3866 adnotetis
606 3794 648 3865 ud
671 3798 706 3881 l,
735 3799 829 3884 ΝΛ)
893 3797 1016 3867 Uerum
1040 3815 1137 3882 quom

70 3963 277 3988 *Q—

82 4067 103 4124 ¹l
116 4067 174 4125 llorr
190 4080 252 4127 eret
275 4073 394 4130 difficile
412 4091 447 4130 ex
468 4075 573 4131 oeteis
593 4072 744 4130 Ciceronis
770 4075 889 4150 scriptio
914 4069 1020 4126 similis
1048 4071 1137 4126 multe

16 4187 17 4220 ι
119 4163 278 4236 wnllgm,
302 4187 363 4242 que
382 4170 555 4241 interpretor
574 4185 632 4222 non
650 4168 842 4232 adnuerunt,
862 4163 990 4240 quondm
1012 4163 1052 4220 ite
1072 4181 1135 4238 per·

16 4247 17 4282 ³
119 4255 235 4326 turbate,
254 4267 296 4324 ιιι,
313 4261 369 4316 nisi
388 4261 531 4337 explicato
549 4275 655 4326 errore,
674 4261 805 4331 intellegi
822 4255 981 4331 disputatio
999 4266 1130 4333 nequeat,

16 4393 17 4396 ,
118 4347 273 4410 cuiusmodi
291 4357 478 4427 reperientur,
497 4371 559 4427 qrtre
580 4356 611 4411 in
625 4353 753 4410 Tusculi.
774 4351 839 4408 tim.
858 4349 908 4416 tv,
928 4354 945 4418 ὃ
962 4355 997 4406 23
1018 4371 1078 4426 srpp
1105 4357 1134 4404 et

912 4470 932 4511 n
