2688 4880
246 295 311 360 81⁰
599 285 659 352 DE
680 283 857 354 FlNllillS
879 283 981 352 BON.

251 509 349 576 quom
387 485 522 574 uicisset
556 481 835 548 Lacedaemonios
874 479 958 566 apud
998 474 1180 542 Mantineam
1211 487 1279 559 etque

250 597 322 682 ipse
344 592 440 680 grani
462 587 600 654 uolnere
622 589 803 652 exenirnsri
825 608 862 651 se
886 585 1031 664 uideret,
1068 596 1102 648 ut
1120 585 1234 670 primurn
1250 580 1281 640 di-

253 701 385 788 apexit,
406 697 588 784 quaesiuit,
611 693 765 758 seluosne
787 705 875 758 esset
898 691 1033 777 clipeus.
1079 689 1175 766 Quom
1192 685 1282 751 seluern

254 827 328 872 ease
351 803 468 868 flentes
488 803 540 866 sui
564 801 830 886 respondissent,
853 801 995 885 rogauit,
1018 809 1160 862 essentne
1177 795 1228 858 lusi
1245 791 1284 853 le·

253 925 332 976 stes.
384 909 493 988 Quone
515 909 548 972 id
571 929 718 994 qunque,
748 919 784 970 ut
808 905 981 992 cupiebat,
1011 903 1191 980 audiuisset,
1216 893 1283 962 euelli

254 1021 351 1084 iussit
374 1039 460 1096 enm,
482 1037 546 1102 qun
565 1026 636 1078 eret
659 1011 854 1092 transfixus,
876 1012 1016 1078 hestern.
1062 1011 1109 1074 lte
1132 1006 1217 1074 rnulte
1235 1023 1283 1066 sen·

255 1126 355 1212 guine
377 1123 525 1210 proluso,
551 1111 732 1186 in‘leetitie
754 1133 787 1184 et
806 1122 946 1184 uictoris
967 1132 998 1184 st
1019 1131 1164 1182 mortuus.
1200 1109 1283 1175 beoni-

256 1231 315 1294 des
338 1240 467 1308 nutem,
513 1249 576 1292 rex
596 1225 954 1305 Lacedaemoniorum,
997 1246 1033 1290 se
1053 1225 1086 1288 in
1107 1212 1284 1302 'l'herruepplis

256 1347 483 1421 trecentosque
505 1354 575 1412 eos,
604 1353 685 1418 quos
709 1333 871 1424 eduxerat
893 1333 1023 1420 Sparte,
1046 1349 1136 1417 quom
1156 1337 1225 1390 esset
1239 1338 1285 1402 pru·

257 1443 365 1528 posite
389 1452 446 1504 eut
470 1439 552 1526 fuge
575 1440 680 1526 turpis
703 1451 759 1504 ent
780 1438 928 1526 gloriose
950 1457 1048 1518 mors,
1066 1433 1201 1523 opposuit
1219 1425 1285 1490 lerti-

259 1545 330 1610 bns.
401 1544 598 1620 Prnecleree
620 1557 741 1612 mortes
763 1558 843 1612 erunt
875 1547 1111 1632 inperatoriee3
1150 1527 1285 1626 philosophi

258 1663 366 1715 nentem
388 1653 421 1714 in
443 1653 513 1714 suis
535 1649 666 1717 lectulis
686 1649 881 1738 plerumque
903 1654 1093 1717 moriuntur.
1151 1643 1240 1711 Refert
1255 1649 1284 1696 tt·

257 1779 344 1836 rnen,
365 1758 537 1844 quomodo.
585 1757 709 1822 Beatus
721 1758 784 1822 sibi
802 1759 931 1822 uidetur
948 1779 1022 1822 esse
1039 1759 1179 1822 moriens
1204 1745 1284 1828 Magna

257 1861 340 1926 leus.
387 1861 671 1947 Conpeneabntnr,
700 1865 826 1952 inquit,
851 1885 920 1928 cum
943 1869 1072 1930 summit
1092 1854 1230 1926 doloribus
1245 1851 1286 1912 be

310 2059 391 2115 atque)
404 2056 552 2116 simulatque
566 2057 636 2104 Mctt
650 2057 771 2113 simulque
786 2055 824 2112 (P)
879 2055 990 2114 disperit)
1004 2060 1069 2114 deep.
1084 2066 1164 2099 annm,
1209 2045 1259 2098 Quen
1269 2036 1286 2084 it

260 2147 362 2188 eumque
378 2133 500 2179 thMOll
525 2135 630 2192 prosuae)
641 2133 770 2190 perfuerit
794 2138 818 2178 et
832 2133 939 2188 uictoris)
954 2140 980 2177 et
988 2135 1080 2179 inutet.
1090 2129 1188 2177 Pbllior.
1210 2113 1287 2178 racadu]

258 2212 322 2267 quad
335 2208 488 2255 Ll’Mcllor.
521 2211 618 2264 lieetue)
632 2223 676 2256 eur.
690 2211 832 2264 craneum.
859 2207 1144 2262 stereometriam
1167 2195 1287 2248 reedwlffl·

260 2285 337 2330 rteatt
350 2297 444 2334 amnas,
460 2285 501 2330 or.

328 2472 373 2525 ot.
409 2477 491 2538 atque
509 2473 578 2542 ipae)
597 2473 690 2528 Sinin
710 2479 843 2545 qunttuor
860 2472 1020 2530 suiefleiue
1040 2489 1098 2528 ease
1113 2467 1212 2529 scribit,
1230 2455 1289 2514 nerle

260 2561 365 2616 estisne
383 2560 521 2628 edelbert
559 2566 593 2620 de
612 2565 707 2620 ”Grut.
727 2572 755 2619 et
770 2565 897 2638 pluribus
917 2566 1062 2621 ueteribus
1087 2559 1217 2636 inpreeeie’'
1231 2553 1289 2606 errtb

260 2655 309 2707 aed
327 2651 433 2708 suflicit
450 2657 511 2710 Eri.
546 2657 602 2711 Pro
623 2657 787 2733 simulatque
806 2659 860 2726 (sic
879 2659 965 2714 ctinrn
983 2661 1080 2727 Oen),
1097 2655 1163 2728 quad
1180 2659 1203 2706 et
1218 2651 1290 2701 recten·

260 2743 304 2800 tic
323 2750 351 2797 et
369 2747 562 2815 gremmeticee
579 2749 708 2818 (uideret)
727 2751 923 2821 repugnabat,
949 2750 1095 2806 Manutius
1112 2746 1186 2806 tacite
1200 2737 1254 2796 dedit
1267 2729 1289 2782 εἰ·

259 2835 385 2912 'milwe
420 2841 493 2910 quod
519 2859 607 2912 neque
628 2842 665 2896 ed
684 2840 786 2896 Guium
807 2850 999 2915 propagatum
1017 2851 1053 2900 et.
1087 2830 1290 2908 Trseepnritintt·

260 2930 334 2997 denr,
353 2949 414 3003 quc
431 2930 460 2986 iu
479 2933 569 2988 tribus
590 2934 701 3001 nostrie,
721 2943 783 2988 eret
799 2932 827 2989 in
846 2935 898 2988 01.
918 2953 942 3002 χ.
980 2935 1107 3006 De'epeeit
1123 2931 1182 2998 (nou
1198 2911 1291 2988 perperit

261 3029 319 3078 iret
337 3023 406 3090 Gai3
432 3025 493 3078 Erl.
515 3027 556 3093 V,
581 3025 614 3079 tl
634 3032 742 3080 rectum
760 3035 865 3083 seruet.
906 3029 974 3082 llos
994 3046 1074 3097 peace
1094 3027 1122 3079 id
1137 3033 1224 3098 propt
1238 3006 1291 3063 ⁰¹¹⁰*

261 3131 294 3168 er
311 3113 367 3170 suis
387 3115 516 3172 erunibus
533 3125 635 3189 preter
652 3119 725 3174 (iud.
742 3117 768 3172 2.
804 3119 949 3174 Edebntnr
967 3121 1069 3176 tacitae
1088 3129 1204 3190 panaque
1217 3106 1238 3159 ⁸⁴d
1250 3113 1291 3169 pe

260 3223 320 3280 pue.
361 3208 468 3261 lieinde
487 3215 514 3262 et
531 3211 650 3264 uictoria
668 3211 738 3277 (nm.
759 3212 797 3278 in)
816 3208 900 3264 etium
920 3211 996 3282 Spir.

332 3298 430 3364 Refert
449 3309 538 3355 tumere
555 3303 696 3375 preamcdo.
749 3303 853 3356 Beatus
870 3333 904 3346 -·
927 3305 1036 3373 Magea
1062 3303 1151 3370 lauti)
1184 3285 1294 3350 Edituutl

261 3390 297 3444 nb
315 3389 462 3459 omnibus,
478 3393 568 3448 Irblnn
587 3401 718 3464 excepto:
756 3395 855 3461 Rescrt
874 3402 978 3462 tumen,
998 3397 1072 3471 quad
1090 3395 1141 3448 eibi
1156 3389 1244 3444 attero
1259 3387 1294 3426 ‘il‘

261 3481 389 3533 morienti
406 3499 509 3551 magna
527 3485 597 3539 laue.
646 3489 713 3554 Qum
734 3489 822 3542 uerbo
841 3487 964 3559 primunr
984 3489 1122 3560 quomedo
1139 3499 1194 3538 enne
1209 3465 1295 3543 ,pperis-

261 3569 339 3624 ribus
357 3573 547 3640 cohererent,
568 3594 650 3630 nernn
669 3579 808 3644 ostendit,
840 3597 931 3650 neque
950 3580 1016 3651 quid
1035 3580 1088 3634 sibl
1106 3577 1186 3632 uellet
1200 3569 1241 3623 ilia
1254 3572 1295 3612 reu·

261 3663 372 3732 perutio
390 3663 626 3735 iuperutorlnrum
646 3669 779 3726 mortium
809 3677 836 3726 ct
861 3669 1097 3742 philosopherum
1115 3671 1142 3725 in
1157 3664 1206 3722 aule
1221 3645 1296 3712 tenrb

259 3755 452 3823 morientium,
469 3756 523 3811 nisi
543 3758 650 3830 eliquid
670 3762 704 3814 ed
725 3779 787 3815 cam
806 3763 1018 3834 adiungeretur.
1061 3763 1164 3818 Deinde
1179 3754 1250 3811 uultu
1264 3737 1297 3794 ni·

260 3867 312 3903 nus
337 3849 398 3920 ipen
425 3849 613 3920 probabiliter
638 3852 785 3923 quicquum
818 3854 970 3912 enerrenit.
1025 3859 1061 3912 Et
1091 3854 1189 3910 unirer
1211 3837 1297 3914 quiden.

259 3940 400 4008 neuster,
419 3943 583 4008 Ernestiua,
602 3943 750 4010 Bremiue,
770 3963 826 4000 nan
846 3951 930 4018 plene
949 3953 1094 4022 perspecta
1112 3959 1195 4014 neque
1209 3919 1297 4002 t¹i⁰⁸l¹l

260 4031 381 4108 dilucide
400 4034 586 4102 disseruere,
624 4036 692 4091 sutis
715 4035 867 4094 infeliciter
884 4043 974 4096 nerbn
992 4042 1135 4114 corrigere
1151 4025 1230 4091 consti
1242 4025 1296 4077 wli

261 4123 346 4182 Gzius
364 4125 533 4201 intellegere
552 4128 607 4182 eibi
626 4129 757 4195 uidetur3
785 4133 873 4197 refert
893 4133 967 4188 eninr
986 4137 1047 4192 urolt
1070 4151 1129 4188 eree
1146 4123 1253 4198 reperite
1265 4101 1299 4160 ’Μ

261 4231 312 4292 ΡΜ
330 4218 384 4285 iper·
401 4220 484 4290 pnni;
502 4221 597 4292 ittaque
615 4222 674 4280 leuc
694 4222 875 4280 coiciuntur:
912 4227 1020 4296 erpanit
1038 4225 1155 4296 ale'paid,
1172 4212 1233 4295 qttd
1245 4201 1296 4258 '‘ll‘'
