2788 4886
291 303 312 362 2
648 293 708 360 DE
731 294 756 360 F
761 290 908 360 turnus
933 289 1033 356 BON.

292 490 470 576 laraplriam
494 495 542 554 ric
559 494 743 574 percurrit,
776 497 811 552 at
835 489 1052 566 demonstret,
1076 487 1215 574 quietim
1234 485 1331 572 plrpr

292 601 490 676 dialectica,
513 595 630 660 etln'cir
651 601 722 660 einr
743 595 908 659 derideret
932 604 966 660 et
982 593 1201 680 reprehendat
1225 595 1275 672 (c.
1302 597 1328 655 6

294 703 528 782 Defearianem
558 699 703 786 llpicnri
727 702 914 788 torquatus
946 705 1085 786 rnrcrpit
1112 709 1164 780 et,
1205 705 1335 764 ceteris

295 811 392 876 aliud
417 818 541 892 tempur
570 812 722 884 reiectir,
745 814 839 872 ciar
868 809 909 871 cle
938 827 1057 872 ramma
1086 805 1168 871 barra
1193 815 1335 870 reatrat

294 918 445 1003 explicat
465 917 512 994 (c.
532 917 582 994 Β).
621 911 774 997 Exponit
793 920 907 998 igitur,
928 913 1073 998 Epicuri
1078 911 1228 990 farriam
1254 913 1335 974 rioci

294 1043 430 1110 requenr
454 1029 488 1085 et
518 1039 604 1104 rape
630 1019 740 1084 uertit
759 1025 829 1084 einr
850 1029 956 1100 atenr,
978 1041 1070 1084 amne
1093 1019 1221 1084 anr'rral
1244 1041 1267 1082 a
1289 1040 1335 1102 pr

296 1139 370 1194 artu
400 1136 522 1192 natura
543 1126 742 1210 nalrrptatem
762 1126 936 1210 adpetere,
983 1127 1124 1190 talarem
1147 1145 1331 1210 rerpaere,

294 1235 474 1320 adpareat,
517 1233 609 1296 illam
637 1253 700 1314 per
731 1253 766 1296 re
798 1233 1033 1318 expetendam,
1078 1230 1165 1296 lunc
1187 1237 1335 1294 reicienr

295 1363 365 1406 erre
387 1343 430 1421 (c.
450 1343 497 1424 n).
541 1335 612 1402 Sed
634 1343 684 1402 ita
701 1335 841 1421 probari
860 1339 1070 1424 uoluptatem,
1095 1337 1273 1423 inprobari
1305 1337 1335 1398 d«

293 1469 371 1525 rem,
394 1455 432 1512 ut
453 1442 798 1521 delectarfacienelnr
820 1451 868 1509 rit
884 1455 919 1510 et
938 1465 1025 1530 reepe
1047 1446 1233 1528 aalnptater
1256 1463 1335 1526 pram

292 1553 471 1628 mittenda,
496 1571 538 1614 ne
558 1555 698 1615 maiorer
720 1550 850 1616 dalarer
872 1561 1125 1640 comreqnantur,
1147 1559 1182 1615 et
1201 1549 1335 1614 dolaret

287 1659 443 1746 pericula
472 1655 641 1722 rabeuada
672 1661 828 1721 maiarum
861 1657 1066 1742 uoluptatum
1097 1677 1216 1722 caarra
1247 1657 1294 1736 (c.
1326 1663 1335 1718 ]

298 1765 504 1848 Uoluptatem
535 1770 642 1828 aulem
665 1761 707 1828 ab
732 1761 880 1847 Epicuro
911 1766 1065 1850 intellegi
1092 1785 1157 1828 nan
1182 1785 1253 1827 eam
1274 1765 1335 1825 rat«

292 1891 364 1958 qna
394 1891 507 1935 renrur
541 1878 628 1934 matu
658 1869 795 1955 quadam
830 1871 966 1950 titillet,
1010 1871 1070 1935 rea
1087 1889 1273 1935 manamaur
1297 1871 1335 1932 tn

288 1984 424 2065 putari,
448 1996 521 2066 qrroe
539 1982 749 2062 percipiatur
771 1981 861 2040 amai
882 1975 996 2041 dolare
1016 1986 1137 2041 renato
1160 1977 1204 2056 (c.
1227 1979 1296 2058 ll).

292 2083 355 2150 lrac
386 2105 456 2149 erre
476 2095 628 2148 rammam
648 2081 784 2164 bantra,
816 2082 933 2160 facile
954 2083 1107 2168 intellegi
1124 2103 1237 2168 parre,
1278 2102 1335 2166 par

292 2200 371 2256 ante
394 2192 505 2254 ocatur
527 2195 674 2274 imagine
695 2210 788 2274 qnam
811 2197 892 2268 einr,
916 2195 975 2275 qui
994 2187 1140 2254 amnibur
1163 2191 1335 2273 uoluptati

280 2296 445 2376 fruatur,
484 2297 579 2360 nulla
602 2315 641 2358 re
663 2295 870 2380 inpediente,
912 2305 980 2362 tum
1004 2301 1094 2376 einr,
1133 2301 1247 2384 quiin
1266 2317 1335 2368 rum

293 2403 417 2468 rlalarir
444 2406 595 2466 cruciata
627 2407 681 2466 rit.
755 2400 878 2488 Itaque
906 2423 1059 2470 rammam
1089 2423 1160 2468 erre
1190 2401 1304 2468 bamam

295 2509 400 2572 eunde
429 2512 545 2572 uiuere
572 2509 616 2586 (c.
640 2509 708 2594 12).
785 2507 931 2574 Uirtuter
963 2518 1070 2574 autem
1102 2529 1169 2574 narr
1187 2529 1248 2598 per
1265 2529 1301 2572 rc
1328 2537 1334 2572 t

204 2609 208 2614 ’
285 2619 370 2699 peti,
391 2611 451 2677 red
465 2615 553 2700 quad
560 2616 662 2679 multa
671 2611 883 2693 alferantad
889 2615 1032 2682 iucunde
1043 2624 1075 2680 et
1083 2616 1260 2704 tranquille
1268 2620 1334 2680 uim

292 2721 383 2794 dnm3
408 2717 562 2798 idsacile
575 2727 725 2808 perrpici
730 2727 763 2785 in
771 2727 936 2808 rapientia
945 2722 1198 2806 rineprndentia
1207 2719 1334 2802 (abieti

244 2835 253 2846 '
291 2826 505 2913 cupiditatum
520 2826 641 2892 ‹liar'ria
653 2825 867 2914 adtingitur),
876 2826 1329 2913 temperantia,fortitudine,

290 2939 383 3000 rtitia
407 2929 454 3018 (c.
471 2935 596 3018 13-16).
634 2933 838 3020 Uoluptatem
860 2945 892 3004 et
914 2936 1056 3000 datorem
1086 2939 1227 3000 animie
1250 2955 1333 3018 carp<

294 3047 396 3120 oriri,
443 3061 504 3104 nea
535 3049 643 3106 tamen
675 3061 740 3106 nan
769 3047 874 3107 maiar
903 3063 973 3108 erre
1001 3043 1101 3108 multa
1135 3050 1301 3128 utrunque

292 3154 399 3212 anima
422 3167 517 3232 quam
540 3153 575 3210 in
598 3168 753 3234 coquere,
799 3150 887 3235 quad
905 3148 967 3216 lac
984 3155 1162 3235 prarentir
1182 3149 1280 3212 rclum
1302 3157 1332 3210 ta

286 3257 378 3337 parir
399 3259 568 3338 particeps
588 3259 651 3336 rit,
696 3259 824 3320 animur
845 3261 1014 3340 praterita
1037 3260 1237 3334 meminerit,
1255 3254 1332 3331 satu

289 3369 445 3445 expectet
461 3364 506 3442 (c.
528 3364 597 3445 17).
646 3359 725 3428 Non
747 3382 842 3446 parre
862 3363 1005 3428 iucunde
1026 3367 1117 3442 uiui,
1155 3367 1222 3426 miri
1238 3359 1332 3424 tona

288 3485 349 3530 nec
372 3463 524 3544 lanerte,
557 3472 625 3532 nr'ri
644 3468 797 3534 iucunde.
847 3466 971 3534 Sedato
997 3469 1121 3536 demum
1146 3474 1250 3533 anima
1271 3467 1328 3530 rab

288 3578 395 3658 tirqae
419 3572 657 3658 cupiditatilur
677 3583 710 3640 et
733 3573 913 3642 terrurr'bur
936 3575 1030 3642 beate
1050 3581 1124 3642 uiui
1140 3595 1233 3660 parre
1252 3575 1293 3654 (c.
1313 3579 1331 3640 1

288 3678 421 3767 Itaque·
433 3685 613 3764 rapientem
634 3701 760 3768 reaper
778 3703 848 3748 erre
870 3683 1016 3762 beatum,
1053 3681 1206 3762 fortuna
1225 3690 1331 3766 poteri

286 3807 352 3852 nan
380 3786 512 3851 multam
537 3785 725 3854 subiectum.
794 3789 996 3856 Dialecticir
1018 3787 1200 3874 Epicurum
1220 3807 1279 3856 noa
1298 3809 1330 3850 m

286 3901 353 3960 tum
384 3891 558 3971 trilnirrc,
605 3893 693 3979 areeri
714 3915 754 3960 ea
775 3896 823 3962 ad
840 3894 935 3960 beate
955 3897 1131 3961 uiuendum
1154 3903 1255 3960 errent
1276 3899 1330 3958 ina

286 4001 351 4082 lia,
374 3995 382 4010 ⁸
390 3997 540 4086 plrpricir
553 4000 760 4084 plurumum,
808 4003 895 4088 quad
914 4005 1100 4070 atilirruma
1119 4009 1224 4068 errent
1244 4003 1285 4082 (c.
1308 4003 1330 4064 2

287 4105 452 4172 Partrema
481 4109 681 4186 amicitiam,
723 4127 913 4196 quamquam
946 4111 1113 4175 naannilir
1135 4109 1209 4175 tolli
1229 4105 1329 4172 uideat

283 4207 427 4294 Epicuri
459 4214 631 4293 doctrina,
672 4221 781 4278 tamem
811 4216 867 4278 uel
890 4235 1047 4282 maxume
1070 4215 1111 4282 ab
1134 4237 1172 4282 ea
1195 4213 1322 4279 laudari

286 4313 490 4396 confirmari,
515 4321 555 4384 ab
580 4323 729 4388 utilitate
744 4319 1006 4408 praricircemtem
1031 4321 1167 4404 (em).
1219 4317 1329 4392 Summi
