2788 4886
455 283 708 356 rttAEttnrto.
1053 289 1136 358 th

58 495 141 541 soum
160 468 345 548 curniliutu.
391 468 475 538 Nam
498 493 596 558 quom
619 493 683 540 non
709 492 774 538 utta
795 485 829 538 et
853 475 1016 542 communi
1049 490 1138 562 qtte·

58 582 152 646 atione
170 590 400 666 argumentum
422 579 707 664 conprehaururua
728 591 829 660 erret,
851 581 910 647 aeti
930 579 1137 666 cingulorum

58 684 289 768 disciplinarum
314 685 447 752 decreta
470 687 700 772 expetiturus,
728 688 763 752 in
785 689 845 753 tria
866 707 1035 753 aermouca
1057 699 1138 754 tem-

60 793 286 878 poretliueraoa
304 813 386 878 opor
410 789 586 872 distribuit,
607 813 744 879 quorum
769 795 906 880 primur,
924 794 978 879 qui
998 793 1039 858 tle
1059 793 1138 880 Epi-

61 921 144 962 rurer
168 897 381 986 philosophia
405 912 454 978 rt,
500 899 586 964 inter
618 897 810 966 Ciceronem
844 911 877 966 ιι
905 899 945 966 L.
974 897 1138 966 Manlium

63 1003 252 1090 Torquatum
273 1018 308 1070 ct
332 1003 371 1070 C.
392 1004 560 1072 Ualerium
582 1003 749 1072 Triarium
771 1005 812 1072 L.
832 1005 969 1085 Pttullo,
991 1004 1028 1070 C.
1048 1004 1139 1071 Mar·

65 1109 135 1174 cello
157 1109 350 1178 conrnlibur
376 1134 406 1176 a.
427 1113 471 1176 5⁰
493 1133 523 1176 ιι.
546 1109 607 1176 Ch.
636 1133 670 1177 tt.
702 1116 734 1178 itt
767 1111 936 1180 Ciceronis
959 1110 1044 1196 uillu
1073 1109 1138 1177 Ctt·

66 1239 148 1284 unna
164 1217 299 1286 habitur
317 1215 454 1304 fingitur
473 1218 554 1300 (uiti.
579 1241 706 1308 orgum.
725 1219 784 1286 lib.
810 1219 859 1303 l),
902 1219 1083 1298 secundus,
1105 1222 1138 1284 itt

68 1345 119 1409 quo
138 1327 246 1392 Stoica
268 1335 367 1402 aunt,
385 1324 470 1388 inter
494 1322 686 1392 Ciceronem
710 1340 743 1391 ct
766 1325 815 1392 tt.
836 1325 994 1392 Catonem
1021 1327 1054 1389 in
1073 1320 1139 1388 Lu-

68 1429 331 1496 culli'l'uaculano
347 1428 409 1495 Cu.
424 1431 581 1518 Pompeio
596 1431 656 1510 lll,
671 1431 713 1512 Q.
725 1430 863 1498 Metello
876 1433 1031 1519 Scipione
1055 1450 1140 1496 cote.

67 1559 92 1599 a.
107 1539 161 1618 52,
188 1551 224 1602 ut
246 1559 294 1602 ιιι
321 1535 398 1602 libr.
421 1535 489 1617 tv,
512 1541 530 1602 l
555 1537 759 1624 intellegitur
781 1537 856 1621 (huc
877 1559 964 1604 rorte
988 1539 1080 1623 leget
1109 1558 1140 1602 tt.

67 1644 99 1706 tt
120 1641 225 1709 Cicero
247 1645 284 1708 in
308 1641 462 1708 Cilicium
485 1641 592 1726 abiit),
603 1644 628 1727 ¹)
669 1647 785 1710 tertius
809 1655 919 1712 autem
944 1643 1056 1714 multis
1082 1663 1140 1707 att·

69 1751 110 1812 nir
126 1763 192 1816 ante
213 1752 259 1834 (a.
281 1753 326 1814 'lii
345 1771 377 1814 a.
395 1745 484 1833 Chr.)
505 1749 646 1816 Athenin
664 1753 749 1817 iuter
770 1749 963 1818 Ciceronem
984 1753 1137 1816 iuuenem

70 1857 182 1942 eiurquc
203 1857 245 1936 Q.
269 1857 407 1922 tratrem
430 1869 462 1920 et
485 1855 527 1920 L.
549 1857 681 1923 irutreru
712 1858 893 1943 patruelem
916 1871 950 1922 et
978 1855 1021 1922 Τ.
1041 1857 1140 1922 Pont-

70 1965 180 2044 putiunr
205 1964 359 2029 Atticum
383 1975 417 2028 et
440 1959 489 2026 Μ.
520 1962 658 2048 Pupium
689 1964 843 2030 Pisonem
869 1962 1139 2049 Calpurnianum,

71 2070 144 2132 eninr
160 2071 193 2134 iu
215 2093 257 2136 eo
284 2072 399 2156 primrc
419 2081 527 2156 parter
564 2083 641 2136 runt
671 2069 757 2152 (uid.
778 2091 849 2155 arg.
872 2065 948 2134 libr.
969 2067 1001 2132 V
1027 2079 1061 2131 ct
1084 2067 1141 2132 ud·

72 2189 125 2242 not.
145 2177 180 2242 uti
203 2178 246 2257 V,
271 2178 319 2260 1).
389 2176 516 2242 Reiecit
538 2189 648 2242 autern
679 2174 796 2242 Cicero
829 2195 1012 2240 sermonem
1041 2175 1077 2238 itt
1108 2173 1140 2238 id

72 2297 185 2370 tcupm,
204 2283 418 2372 quodcurum
441 2285 592 2368 perennia
615 2285 663 2348 uti
685 2281 841 2363 molebat,
864 2283 920 2370 qui
935 2281 1052 2346 mortui
1075 2281 1140 2346 iatn

73 2404 177 2466 ettentc
198 2413 242 2456 ex
268 2392 313 2456 iia
337 2402 539 2477 opportunnr
562 2392 654 2456 uitur
680 2402 749 2456 erat
769 2389 858 2470 l’iro,
880 2389 934 2474 qui
957 2409 1055 2474 quom
1078 2409 1141 2452 una

72 2517 129 2562 cun
144 2496 300 2564 Cicerone
324 2496 467 2562 Athenin
489 2495 606 2562 iuirrct
631 2509 665 2562 et
686 2500 793 2584 iprum
814 2493 1036 2574 Antiochum,
1086 2517 1141 2560 ott·

73 2603 114 2664 inc
130 2604 269 2670 doctriua
294 2605 336 2668 in.
352 2601 441 2669 libro
463 2603 497 2670 V
518 2605 706 2688 exponitur,
729 2603 886 2683 audieret,
910 2613 986 2688 epte
1009 2601 1141 2666 induce·

73 2703 148 2774 hatur
166 2733 272 2776 ιιιιιιιι
298 2707 358 2774 illo
382 2709 454 2796 ipae
478 2721 625 2796 tempore
648 2711 789 2778 habitur.

144 2819 213 2896 tt.
254 2817 406 2903 Sumprit
430 2815 565 2896 Cicero,
611 2837 710 2904 quum
742 2816 794 2882 hia
826 2815 922 2882 libris
945 2812 1142 2900 explicaret,

76 2925 384 3010 conquestionem,
406 2944 472 3009 qua
494 2925 602 2988 omnir
623 2923 730 2990 ethico
753 2921 926 3010 disciplina
952 2920 1143 2986 continebu-

76 3038 124 3106 tur,
141 3029 177 3094 tle
197 3051 329 3096 aumrnu
351 3028 439 3094 houo
463 3043 497 3094 ιι
516 3029 616 3111 melo,
637 3029 723 3118 quoti
742 3027 847 3095 Greci
869 3027 987 3102 τέλους
1012 3029 1142 3091 nomine

76 3135 314 3222 appellabant,²)
333 3157 400 3202 uon
422 3149 529 3202 tumen
542 3149 577 3202 ut
597 3139 666 3226 ipae
688 3157 749 3202 ruo
767 3137 902 3224 ingenio
919 3155 987 3200 reru
1009 3134 1142 3198 ertluam

79 3303 287 3326 -ῌ

97 3411 118 3473 ¹)
133 3409 232 3465 Lotlm
250 3430 328 3467 ιιιιιο
347 3417 382 3466 stt
399 3412 429 3468 L
447 3412 597 3468 Lucullum
615 3411 675 3467 into
693 3411 824 3468 iunctum
851 3427 930 3475 erac,
968 3407 1145 3464 Gomcnuiur

133 3509 160 3556 et
176 3503 255 3559 utto
285 3505 359 3560 fulan
381 3505 522 3564 scribunt.
576 3506 605 3559 lc
636 3505 712 3558 enim
738 3511 858 3578 propter
882 3501 1029 3558 Plutarchi
1057 3501 1146 3556 uerba

133 3591 251 3662 (halt.
271 3597 322 3666 tn)
344 3596 550 3671 Ciceronisque
574 3595 611 3651 cle
636 3613 670 3651 en
695 3597 727 3650 in
752 3597 884 3670 epistulis
903 3595 1049 3650 silentium
1067 3599 1146 3647 recte

130 3687 251 3742 creditur
271 3689 369 3762 paullo
384 3695 607 3763 poatrnnuntht
624 3697 758 3746 mortuus
774 3706 844 3744 eree.
871 3689 929 3744 Nec
939 3687 970 3742 iu
986 3686 1056 3742 iihri
1065 3684 1144 3740 tertii

131 3777 208 3836 initio
232 3781 294 3836 ulla
319 3789 346 3836 ιι
371 3782 546 3854 significatio
570 3781 682 3838 Luculli
713 3783 804 3854 patria
837 3781 921 3837 hreni
946 3789 1014 3836 ante
1038 3777 1145 3833 mortui

130 3871 263 3946 puerique
280 3889 454 3947 nupcnnme
471 3873 592 3930 Catonia
611 3875 709 3929 tutela
733 3875 877 3930 conmissi

92 3963 116 4027 'l
131 3961 325 4036 Reprehettcttr
342 3973 387 4022 ert
414 3985 430 4022 ι
447 3965 504 4022 lul.
523 3967 635 4022 Ceam-c
658 3967 804 4042 scaligero
823 3968 875 4039 (tle
894 3966 999 4024 Subtil
1018 3963 1145 4020 Exercit.

133 4051 200 4108 CCL
216 4074 245 4129 p.
263 4061 316 4112 m
332 4057 375 4113 ed.
392 4057 542 4132 Wechel.)
564 4068 593 4115 ιι
617 4059 732 4116 liureio
759 4061 855 4134 (Uarr.
874 4061 965 4116 Lectt
984 4057 1088 4122 xxtt,
1106 4057 1148 4126 t),

134 4147 204 4219 quod
221 4149 291 4204 init
308 4151 393 4206 etiarn
406 4153 546 4208 ntlotttttt
566 4153 695 4220 ιιὶιὶιιιῑ,
713 4173 799 4230 quotu
817 4155 849 4209 iu
864 4151 981 4207 nomine
996 4148 1045 4206 roi
1062 4147 1148 4206 cilone

135 4239 341 4310 ‘lollium
355 4240 397 4308 eti.
417 4233 448 4300 uir
470 4245 558 4314 i'rrrtn,
575 4253 609 4301 ut
626 4245 662 4304 tle
676 4247 748 4303 colio
767 4247 851 4299 honis
869 4245 1031 4308 diceretur,
1049 4241 1145 4296 ticieu-

137 4349 182 4388 ιιι
196 4351 212 4388 ι
227 4333 356 4394 Druitic.
391 4336 480 4396 llcrte
498 4345 637 4406 romunt,
653 4339 728 4400 ert..
745 4337 832 4394 initio
854 4337 896 4393 ric
914 4335 1066 4412 potitum
1085 4333 1152 4407 phi·
