2688 4880
137 369 142 380 ι
215 283 278 344 rra
568 277 629 344 ur:
652 276 829 349 armeus
852 278 956 346 eoa.

217 471 284 549 lea,
308 473 517 560 apertiusque
541 473 687 553 (linerat,
709 473 792 539 nihil
817 495 892 540 enm
916 453 1047 554 feriare,
1072 478 1135 541 niai
1159 476 1290 564 uolupta-

215 581 258 642 tia
283 601 417 658 caussa,
449 579 612 665 quomodo
638 599 713 642 oum
738 582 869 646 tandem
891 580 1037 646 laturum
1054 582 1159 646 suinae
1181 585 1291 656 exiuta-

217 686 308 751 masl
355 689 408 750 ul.
430 685 529 748 Esto:
572 684 706 764 facerit,
747 687 934 767 olitanis,
964 687 1154 776 Torquatus
1177 701 1291 774 propter

217 814 293 856 anas
317 791 494 867 utilitatea;
533 789 633 874 (rnalo
658 792 746 855 enirn
771 792 900 872 dicero,
933 814 1028 878 quarn
1054 794 1292 880 uoluptatea,iu

219 910 309 962 tauto
337 899 531 984 praesertim
554 900 625 962 uiro
636 898 658 978 3)
704 917 781 962 num
805 900 903 962 etiam
927 898 1066 986 conlega
1090 902 1162 964 eiua
1185 899 1220 964 Ρ.
1239 898 1291 962 lle

219 1006 307 1081 eiua,
348 1005 500 1089 princepe
522 1007 555 1067 in
581 1025 620 1067 ea
645 1003 771 1068 inutilia
791 1003 1001 1084 consulatur,
1030 1025 1129 1090 quom
1152 1025 1188 1069 ae
1208 1004 1290 1068 deno·

271 1205 433 1262 apertiusque)
447 1207 559 1262 opernm
573 1203 685 1249 nenton
752 1204 873 1262 quomodo)
887 1217 933 1260 quo
950 1205 969 1250 0
1039 1205 1175 1260 etiaim)
1187 1205 1291 1250 astutae·

219 1281 351 1326 antenor.
416 1280 452 1326 et.
467 1280 547 1334 etiarn)
563 1279 620 1325 etll
657 1281 755 1340 conlega
769 1280 829 1336 elue)
846 1283 900 1326 etue
917 1280 975 1327 eall.
989 1280 1142 1328 turonen.
1174 1281 1291 1330 ᾶιιιιιιιιιι)

219 1359 355 1402 deuoueret
370 1369 459 1410 ennea,
475 1359 516 1402 οι.
952 1371 953 1376 ’

291 1529 481 1605 apertiorque)
501 1529 547 1583 Sic
568 1531 652 1586 (irat.
673 1549 688 1584 e
708 1533 771 1586 Pal.
789 1532 806 1584 l
826 1537 855 1586 et
872 1530 1059 1594 recentiorem
1086 1532 1159 1585 Dan.
1179 1537 1207 1585 et
1222 1529 1292 1584 lirin

220 1626 322 1674 tacent.
365 1622 433 1678 uxr.
450 1623 557 1694 EUprp,
577 1632 607 1676 ut
626 1625 694 1678 olim
714 1624 869 1678 edebatura
899 1625 986 1677 uellet
1009 1625 1150 1692 opertior,
1168 1623 1272 1676 dicerer.

288 1713 451 1781 existumet)
475 1713 522 1768 Sic
540 1713 598 1768 ium
617 1715 706 1782 crat,
729 1715 845 1782 Lbinua,
864 1721 924 1770 tuor
943 1733 959 1770 e
978 1716 1035 1770 ruia
1047 1722 1179 1786 quattuor
1195 1715 1254 1785 (οι.
1269 1712 1292 1779 ξ)

220 1801 391 1870 Gaiua31erl
412 1807 499 1861 stulte
518 1815 631 1862 exoueut
649 1816 793 1879 tamquam
813 1808 974 1875 intret-aum,
1011 1809 1084 1878 quod
1106 1824 1192 1860 unam
1209 1821 1292 1860 norun

220 1903 254 1952 at.
292 1898 394 1968 ltaque
411 1898 538 1954 0relliua
556 1901 591 1953 ad
610 1901 809 1954 soloecismum
829 1898 932 1967 rediit,
951 1900 1175 1954 condicionalem
1194 1897 1292 1954 eonion·

218 1987 322 2043 otiuom
342 2007 401 2044 oeae
420 1999 522 2062 putant
540 1993 661 2061 (eliceret
678 2023 714 2034 —
732 1993 906 2062 eristumeal)
933 2009 984 2047 neo
1002 1995 1072 2048 duaa
1091 1993 1198 2048 tornat
1215 1989 1293 2043 dincr-

218 2081 350 2137 ιίιιιιιιιιι
369 2089 397 2137 et
413 2085 580 2139 notionumur
599 2085 791 2156 distinguens,
810 2102 894 2154 quom
914 2091 963 2139 ant
981 2091 1131 2154 quaretur,
1150 2083 1214 2154 quil
1230 2089 1294 2136 certe

219 2175 384 2230 onutlieione
403 2175 506 2248 aliquia
524 2178 653 2232 tutorum
672 2177 898 2242 inueniuntur,
924 2179 1004 2252 (qnid
1021 2178 1170 2230 calenum
1183 2177 1293 2241 ‚telem

214 2268 320 2334 freiero,
347 2268 387 2336 et)
407 2274 471 2334 aut,
499 2268 566 2338 quid
586 2275 664 2322 eorte
683 2269 849 2324 condio-ione
866 2268 1040 2323 iudieelnrnr
1061 2267 1148 2322 tuerit
1166 2267 1242 2337 (puio
1257 2283 1294 2319 ar·

219 2359 373 2424 irtumerer,
392 2361 439 2427 ei).
477 2357 577 2412 Simile
596 2360 625 2413 in
643 2359 845 2430 interrogando
864 2364 996 2418 rnemlurn
1015 2361 1173 2418 tollendum
1190 2357 1294 2426 erittlt

220 2459 248 2504 ut
262 2447 309 2516 V,
329 2451 373 2506 89.

288 2542 332 2594 til.
368 2541 439 2595 melo
460 2543 528 2596 eninr
547 2545 651 2614 dicere)
670 2545 760 2599 lleute
778 2541 941 2602 dubitatum
960 2555 1003 2613 et,
1037 2563 1105 2602 num
1123 2545 1153 2599 in
1168 2545 1222 2598 luae
1237 2542 1295 2594 elua-

218 2649 282 2686 rum
302 2633 529 2702 appellationum
547 2635 748 2708 conparatione
766 2639 870 2708 priorir
896 2640 1067 2712 aigniiiuatio
1094 2637 1187 2694 omitti
1212 2641 1292 2706 petuo

218 2723 263 2780 rit.
304 2711 424 2780 Uidatlrr
444 2728 579 2783 exoirliete
597 2731 637 2783 ita
658 2737 720 2800 poet
739 2732 824 2798 enim,
850 2739 882 2786 ut
899 2733 1030 2788 Bremiur
1048 2732 1205 2804 auspicatur
1222 2735 1268 2781 erl.

290 2817 408 2888 contego
427 2820 499 2890 eine)
537 2823 586 2877 Sie
604 2823 690 2877 etium
713 2823 788 2894 Spir.
809 2824 896 2880 Gniua
916 2827 989 2881 Gud.
1011 2826 1029 2879 2
1054 2833 1082 2878 et
1105 2826 1170 2879 Bao.
1201 2827 1294 2876 arenul

217 2925 371 2980 pronomen
388 2911 498 2979 omitit,
526 2915 600 2984 quod
620 2915 718 2969 aberae
738 2915 844 2986 nequit.

287 3021 366 3073 quone
384 3021 413 3058 ae
431 3007 580 3060 deuoueret
601 3015 628 3060 et
648 3035 682 3050 -
700 3009 833 3076 irruebat)
874 3009 989 3062 correxi
1017 3005 1213 3062 oertieannunn
1229 3019 1294 3058 mea·

218 3097 301 3162 utrm,
329 3115 386 3169 quo
405 3100 489 3154 morlo
507 3099 637 3155 linuiaiua
655 3100 855 3171 corrigentium
875 3087 1006 3155 uiderat*
1046 3101 1176 3170 Longum
1194 3104 1293 3152 atrurn

218 3190 482 3258 omnitenentem,
523 3209 583 3262 qua
609 3194 644 3245 tle
670 3193 849 3247 rllnereorum
867 3193 1016 3246 modorum
1035 3189 1230 3244 coniunctione
1245 3203 1294 3240 nrt·

217 3297 303 3348 gnam
323 3287 434 3353 partem
452 3301 470 3338 e
489 3283 557 3339 uiria
576 3301 593 3340 a
610 3283 799 3355 grammatica
817 3284 978 3338 subtilitate
998 3283 1100 3338 alienia
1118 3282 1294 3352 itadiapntutu

217 3381 290 3437 etant,
311 3383 343 3428 ut
362 3376 457 3431 omnin
478 3378 738 3441 oonluntlarentur,
766 3378 846 3430 uelut
867 3393 885 3430 a
904 3376 1050 3430 Drakeub.
1070 3376 1105 3429 ud
1125 3376 1190 3429 Liu.
1209 3368 1294 3428 xxx,

217 3467 457 3534 ttetxn1,ut.
494 3470 590 3523 Breue
609 3469 698 3539 igitur
716 3467 831 3524 taniam.
870 3467 1026 3538 Quaritnr,
1060 3483 1128 3522 num
1150 3460 1296 3520 tluourrlt

218 3557 380 3629 copulatiue
399 3557 548 3615 coniuncto
567 3561 659 3613 eidem
678 3559 879 3622 coniunctioni,
902 3578 961 3631 qua
979 3567 1097 3630 propter
1115 3560 1207 3630 ipram
1223 3569 1295 3624 oopu-

218 3650 353 3704 lutlonom
378 3653 537 3707 neoeeeurio
573 3654 691 3706 eandam
718 3653 906 3723 principalem
932 3651 992 3706 uim
1021 3651 1162 3716 retineat,
1198 3649 1295 3704 dinemo

218 3743 300 3796 ruodo
321 3742 411 3796 rabiei
429 3743 544 3815 poneius.
597 3746 629 3798 Id
648 3744 684 3799 ab
709 3761 742 3799 eo
767 3748 870 3815 poete,
889 3743 938 3816 qui
958 3741 1092 3798 duritiem
1113 3741 1295 3812 noningenti.

216 3853 315 3890 ιιιιιιιι
333 3851 432 3890 enarra
450 3835 512 3889 fieri
531 3841 643 3906 poterat
661 3835 691 3890 in
714 3835 766 3890 tali
786 3841 947 3901 atrocium,
986 3835 1014 3889 in
1042 3853 1098 3907 qua
1115 3837 1177 3891 aiue
1194 3832 1295 3890 omniuo

217 3928 319 3983 Latina
344 3937 426 3983 certa
444 3925 532 4010 aetalia
558 3925 648 3982 oratio
671 3927 734 3982 eiua
762 3931 911 3998 peltarum
937 3927 1056 3982 libertae
1074 3936 1226 4001 utramque
1244 3939 1295 3977 nru-

218 4021 283 4074 dum
303 4020 493 4076 eoninnetioni
519 4021 618 4086 nullo,
656 4021 730 4090 quod
763 4021 933 4087 nominatur,
972 4019 1133 4075 incrimine
1159 4019 1293 4075 subiceret.

217 4111 316 4182 ltaque
335 4114 509 4186 Propertiue,
527 4115 611 4183 potita
630 4111 759 4168 oratione
778 4114 969 4179 luriaenmue,
988 4130 1072 4184 quern
1092 4117 1183 4184 poete
1203 4129 1235 4165 aa
1252 4123 1294 4162 an·

217 4201 340 4273 tiquiore
363 4223 494 4261 aermnae
517 4205 664 4262 licentiam
691 4205 839 4261 indicetiui
861 4206 892 4260 'in
922 4203 1148 4276 interrogatione
1176 4195 1293 4277 perleull

218 4296 339 4365 ponendi
358 4299 530 4365 retinerent,
567 4317 622 4371 pua
649 4305 744 4356 tamen
770 4299 908 4354 Horatiae
935 4306 963 4354 et
989 4294 1129 4371 Uirgiliae
1157 4297 1293 4354 tartaree
