2754 4892
312 305 373 372 ΕΤ
395 303 505 372 Man.
529 301 613 371 LlB.
635 305 667 372 V
690 303 786 372 CAP.
807 309 860 372 24.
1069 309 1133 374 'llo

35 498 173 582 quidem
196 496 298 578 nulla,
319 501 376 564 aed
399 503 447 565 ite
464 521 567 586 parua
588 502 665 580 aiut,
685 497 832 563 utnulla
854 519 927 564 eane
949 499 1133 566 nideuntur.

34 603 136 668 Haeo
159 617 291 668 estnec
315 608 424 670 omnia
447 608 632 688 spernentia
667 617 798 690 praeter
821 606 977 669 uirtutem
1008 617 1041 670 et
1068 609 1135 671 uir·

36 723 147 772 tutem
178 711 282 791 ipram
306 713 375 774 onia
397 709 550 775 laudibus
573 707 806 795 amplificantis
826 713 949 787 oratio;
994 711 1135 798 deniqne

35 813 128 880 haee
150 827 200 878 eat
224 816 368 902 nudique
392 815 543 902 conpleta
565 828 598 879 et
622 816 767 901 periente
800 813 981 902 explicatio
1013 819 1132 882 summi

36 917 136 982 boni.
180 919 268 984 Hine
289 923 390 986 oeteri
416 919 593 1008 particulas
616 922 761 1004 arripere
791 921 898 984 eonati
930 941 1022 986 snam
1047 926 1134 1009 quia-

36 1046 109 1110 que
132 1025 239 1088 uideri
262 1025 368 1090 uoluit
392 1027 519 1091 adferre
543 1027 751 1090 sententiam.

135 1129 263 1210 XXV,
296 1134 348 1196 m.
391 1133 499 1218 Saepe
532 1129 574 1195 ab
605 1129 806 1209 Aristotele,
849 1151 870 1195 a
903 1129 1134 1217 Theophrasto

37 1233 242 1300 mirabiliter
263 1248 313 1300 eat
334 1236 468 1301 laudata
492 1259 551 1322 per
572 1257 609 1300 oe
632 1239 704 1322 ipra
732 1257 841 1300 rerum
866 1239 1015 1302 seientia.
1061 1236 1135 1302 Hoc

38 1361 111 1404 uno
132 1353 246 1426 eaptus
268 1340 419 1405 Herillua
440 1344 610 1406 seientiam
639 1361 799 1406 nummum
831 1339 952 1406 bonum
981 1363 1055 1406 eene
1080 1343 1136 1406 de·

41 1445 172 1524 tendit,
192 1467 253 1509 neo
274 1469 343 1512 rem
364 1445 466 1512 ollem
489 1446 588 1512 aliem
610 1469 670 1532 per
691 1467 728 1510 ee
750 1447 980 1532 expetendam.
1028 1445 1136 1512 Multa

42 1564 124 1614 eunt
147 1551 235 1614 diota
257 1549 298 1614 ab
326 1555 469 1638 antiquie
501 1552 541 1617 de
576 1553 822 1616 eontemnendia
851 1575 890 1617 ae
921 1553 1139 1638 despiciendis

42 1655 149 1719 rebus
175 1655 337 1748 humanit.
383 1657 456 1722 Hoc
478 1679 578 1720 unum
600 1655 714 1722 Aristo
738 1660 860 1734 tennit3
903 1671 1033 1742 praeter
1055 1659 1138 1720 uitia

41 1775 146 1848 atque
181 1763 321 1826 uirtutes
350 1765 484 1850 negauit
512 1785 581 1827 rem
612 1783 684 1826 esse
717 1759 819 1826 ullum
859 1774 915 1825 aut
944 1761 1134 1849 fugiendam

41 1880 101 1929 aut
124 1868 358 1950 expetendam.
382 1949 383 1954 η
426 1869 575 1933 Positum
597 1881 627 1930 nt
649 1889 668 1931 n
690 1869 828 1946 nostris,
872 1869 905 1929 in
928 1868 969 1930 iia
991 1889 1065 1930 ense
1087 1889 1137 1930 re·

43 1971 132 2051 bus,
157 1993 240 2058 qune
264 1973 442 2038 seeundum
466 1988 615 2040 naturam
635 1985 764 2052 essent,
784 1993 849 2035 non
874 1968 996 2035 dolere.
1064 1969 1138 2036 lloo

97 2152 267 2206 „utrumne
312 2153 375 2209 nae)
391 2153 436 2199 me
452 2154 516 2200 nott
557 2156 671 2218 reatum
694 2152 758 2198 uon
797 2115 904 2208 neuque
924 2150 972 2196 aaa
992 2149 1037 2205 eu)
1058 2151 1137 2198 ome

40 2229 75 2274 ld.
90 2242 108 2273 a
122 2227 180 2281 Tit.)
193 2235 218 2273 et
235 2227 278 2275 Tit.
292 2227 336 2273 nrt
379 2229 441 2287 lpaa)
455 2229 534 2275 om!
567 2229 699 2282 nolentiam)
712 2229 861 2273 cantantium
876 2228 897 2271 E
925 2231 980 2272 aunt
994 2225 1064 2282 dieta)
1078 2231 1102 2274 d·
1116 2241 1137 2275 e.

41 2300 313 2350 nomenante-1·
353 2305 615 2363 erpetautmmuss
656 2305 680 2350 tn
694 2303 725 2348 lle
745 2304 808 2356 aare)
823 2303 850 2346 tu
864 2303 896 2347 tte
910 2301 1033 2358 (monor.
1049 2303 1096 2358 (tte
1109 2301 1138 2358 lt)

118 2468 189 2522 Heu
211 2473 254 2522 ett
277 2485 328 2524 nee
354 2471 444 2523 omnio
471 2469 639 2539 tperueutit)
676 2469 749 2522 Ante
776 2466 938 2522 Monetium
964 2473 994 2522 et
1016 2465 1139 2522 Lbinum

43 2560 207 2615 edebetnrt
224 2561 276 2613 troo
293 2569 337 2616 eat
355 2579 410 2614 nou
429 2563 535 2627 omnin,
556 2559 704 2628 oratioque
724 2559 764 2613 rio
782 2557 1027 2629 dietingneitttturr
1049 2567 1076 2614 et
1094 2559 1139 2614 ru'-

44 2654 116 2706 dere
133 2677 171 2694 -
187 2650 353 2712 uideuatuu,
389 2652 441 2704 loo
459 2659 501 2706 eet
519 2679 551 2694 -
570 2651 778 2721 amplificantis.
837 2649 932 2703 Oratio
953 2653 1068 2722 deniquo
1084 2653 1139 2710 deo.

42 2746 209 2798 Pronomae
231 2742 354 2798 correxit
370 2742 532 2806 Manutinr,
561 2743 731 2814 particulam
750 2739 872 2807 Litium,
890 2739 938 2796 hie
955 2740 1044 2798 libror
1061 2751 1141 2800 nate·

43 2853 92 2890 ree
113 2833 143 2888 in
165 2836 286 2906 utroque
303 2841 425 2897 tentant,
462 2835 562 2907 quibua
588 2835 728 2888 (tentetur
748 2835 827 2889 addit
843 2835 906 2889 ret.
922 2835 939 2887 t
958 2841 986 2890 et
1004 2837 1031 2892 6.
1067 2838 1142 2892 nau.

42 2933 142 2987 tenet,-
161 2927 214 2978 doe
231 2927 300 2981 (ixx.
319 2943 427 2991 ornnes,
446 2929 524 2988 Bne,
544 2927 618 2980 (ind.
637 2927 665 2990 1,
683 2941 737 2978 uon
755 2927 835 2991 On.¹
854 2927 921 2980 Bu.

118 3016 187 3089 Cep.
205 3017 302 3084 XXV,
320 3018 366 3074 td.
400 3037 419 3072 a
440 3017 646 3086 Theopirntto)
673 3018 835 3088 depudetnn
862 3034 917 3073 non
936 3017 1059 3071 terente·
1078 3015 1141 3087 qui-

43 3112 116 3166 dam
134 3109 341 3165 enbetituerant
362 3099 395 3163 et'
412 3109 604 3179 Theophrasto
623 3110 766 3176 (Murano,
786 3109 880 3172 crat„
899 3109 988 3172 lium,
1005 3107 1144 3177 notum„

44 3207 102 3259 iix.
123 3221 140 3270 χ
157 3209 186 3256 et
203 3219 222 3254 n
242 3199 293 3254 Ti.
347 3203 390 3255 iio
407 3200 567 3256 Arirtotelie
591 3207 620 3256 et
637 3198 830 3271 Theophraati
850 3195 970 3251 reientie
989 3201 1018 3252 ot
1034 3198 1098 3253 nite
1114 3199 1143 3254 in

45 3291 294 3363 contemplatione
314 3299 343 3346 et
369 3291 531 3362 cognitione
556 3292 651 3362 poeitae
675 3289 918 3345 commendatione
945 3289 1064 3346 ttxtmre
1090 3292 1146 3347 uli·¹

45 3387 118 3458 qnid
138 3387 175 3440 ud
193 3387 207 3455 ᾖ
225 3387 276 3451 ll,
292 3385 328 3437 de
345 3384 476 3448 Heriltn,
513 3385 664 3445 Arietem.
697 3378 796 3437 ceteri·
814 3382 850 3436 ed
868 3381 973 3436 litorum
989 3385 1145 3441 necandum

44 3477 191 3533 breuiter.

121 3570 150 3621 in
172 3569 207 3620 iia
223 3585 283 3621 eree
300 3569 392 3635 reiut)
418 3565 465 3622 Sin
491 3573 624 3636 quattuor
649 3566 702 3620 (iel
720 3565 830 3627 nodioee
845 3567 889 3634 (in
911 3568 1013 3638 quibua
1033 3569 1065 3622 nt
1082 3567 1143 3619 liri.

46 3667 132 3726 erat,
168 3660 210 3714 tio
230 3659 304 3731 Spir.
324 3657 545 3727 inimoceedo),
582 3659 651 3714 0¹¹.
669 3657 751 3730 Εξψ,
785 3657 813 3713 id
833 3669 892 3727 ert,
918 3665 947 3715 ot
965 3656 1096 3713 meliore·
1117 3645 1150 3712 ot'

46 3751 229 3808 deteriorum
248 3749 348 3816 multi,
383 3751 485 3822 quibua
508 3751 758 3820 percontantem,
796 3752 925 3821 quemuir
942 3747 1101 3820 elegantior
1118 3753 1147 3802 et

46 3842 211 3913 simplicior
228 3841 321 3896 uideri
337 3843 424 3912 poenit
442 3840 589 3912 reripturn
606 3841 762 3909 lraotenne,
796 3844 820 3898 ol
846 3842 967 3912 primam
992 3839 1144 3894 editionem

48 3944 79 3990 et
98 3951 188 3988 uuam
207 3935 329 3988 fortene
349 3935 378 3986 et
389 3935 510 3987 niteram
528 3936 666 4004 pretereo
687 3934 830 4003 exceperit
849 3934 934 4000 (Uen.
953 3933 1046 4001 lter),
1066 3931 1146 3985 edita·

47 4027 199 4082 breuitate
237 4025 362 4080 Potitum
381 4032 407 4077 et
427 4043 445 4076 u
463 4025 566 4076 uentris
584 4025 611 4076 in
629 4025 664 4076 iia
682 4023 763 4076 redut
779 4049 814 4064 -·
832 4040 886 4074 nou
912 4025 1021 4086 dolore,
1060 4041 1147 4094 quom

49 4115 212 4190 pmertim
229 4115 257 4170 in
275 4116 349 4182 lure,
383 4133 440 4188 qua
460 4123 541 4180 utor,
573 4116 715 4185 seriptum
732 4115 851 4168 uerbum
871 4129 931 4170 ente
949 4113 1146 4186 interponitum

49 4207 174 4262 erficere
192 4203 325 4263 uidentur
333 4245 343 4272 ,
379 4215 411 4264 nt
433 4209 531 4279 ponito
557 4207 665 4278 magio,
703 4220 789 4276 qnam
806 4205 937 4273 debont5
968 4208 1092 4263 emineat
1119 4216 1148 4265 et

49 4295 225 4374 insigniatur
245 4299 273 4354 iu
290 4301 344 4364 iu,-
380 4301 429 4355 eod
447 4300 526 4358 nullo
547 4299 604 4354 elin
631 4300 695 4354 loco
714 4299 860 4353 commode
877 4299 973 4356 tubiro
991 4300 1147 4359 inlinitinoa
