2990 4886
382 265 443 334 ΕΤ
466 266 576 334 Mna.
599 265 685 333 LIB.
709 265 740 332 11
763 266 859 336 CAP.
883 273 934 334 ld.
1141 273 1207 337 not

133 459 267 548 Epicuro.
313 461 423 540 Quam
443 476 475 528 te
496 461 633 528 decebat
656 464 699 527 iis
720 461 832 527 uerbis
853 464 921 543 uti,
946 460 1064 548 quihus
1085 465 1114 528 ei
1135 463 1207 552 phi-

132 565 246 654 iosophi
276 589 341 632 uon
373 581 562 649 uterentur,
608 567 819 656 philosophia
846 569 980 632 omnino
1004 587 1069 632 non
1092 593 1207 657 egere·

132 693 200 737 mus.
251 672 395 740 Istorum
417 678 506 741 enirn
531 674 707 740 uerborum
729 695 861 752 amore,
893 695 977 760 quae
996 697 1129 762 perraro
1150 701 1207 766 ap-

131 777 281 866 pellantur
306 778 349 844 ah
371 781 535 868 Epicuro,
567 783 771 867 sapientiae,
803 779 1025 861 fortitudinis,
1048 783 1207 865 iustitiae,

132 889 372 972 temperantiae,
414 888 716 969 praestantissumis
747 889 890 973 ingeniis
916 885 1066 952 homiues
1097 910 1134 953 se
1166 891 1208 954 nd

130 990 345 1078 philosophiae
366 993 510 1057 studium
532 991 750 1058 contuleruut.
798 993 851 1057 52.
875 988 1075 1074 Oculorum,
1102 997 1209 1082 iuquit

131 1095 229 1178 Pisto,
259 1111 311 1162 est
331 1100 365 1162 in
387 1096 483 1162 nobis
504 1119 622 1163 seusus
642 1118 849 1178 acerrumus,
864 1097 990 1190 ⁶quihus
1011 1102 1207 1185 sapientiam

131 1224 183 1266 nou
211 1207 384 1268 ceruimus.
431 1202 538 1282 Quam
562 1203 620 1270 iila
642 1205 786 1269 ardentis
810 1226 938 1268 umores
961 1207 1124 1270 excitaret
1144 1211 1207 1288 sui,
1282 1291 1286 1301 .

131 1311 152 1371 ei
174 1309 353 1374 uideretur!
392 1307 459 1374 Cur
482 1309 637 1376 tondenti
681 1332 722 1375 au
742 1311 827 1397 quod
858 1313 905 1374 ita
936 1309 1057 1378 callida
1080 1326 1130 1394 st,
1171 1328 1209 1379 ut
1307 1383 1310 1392 ,

131 1429 247 1500 optume
264 1418 369 1504 possit
393 1417 603 1482 architectari
627 1411 835 1503 uoluptatesi
858 1413 925 1481 Cur
944 1419 1070 1483 iustitia
1091 1418 1207 1485 lauda-

131 1521 190 1586 turi
228 1535 286 1586 aut
312 1523 397 1588 unde
430 1537 461 1588 st
491 1523 553 1589 hoc
582 1526 757 1588 contritura
786 1523 950 1588 uetustate
985 1523 1208 1611 prouerbium,
1263 1561 1273 1576 ·

130 1633 242 1712 peiren
263 1635 299 1694 e'm
321 1629 488 1695 tenebris?
533 1629 624 1708 Hoc,
657 1629 778 1694 dictum
801 1631 837 1693 in
858 1651 925 1693 una
945 1651 1002 1710 re,
1035 1629 1207 1697 latissurne

172 1795 208 1848 tte)
221 1794 259 1840 his
275 1795 408 1841 nmcttor.
448 1795 607 1854 appellentur)
622 1796 700 1841 euml:
739 1794 900 1855 philosophis)
913 1796 1078 1852 captemtoeh
1137 1799 1171 1844 52.
1185 1803 1206 1848 rt

131 1867 248 1927 rideretur)
260 1883 304 1920 um.
320 1872 341 1916 Β
369 1883 400 1917 ιι
413 1893 442 1905 -
455 1871 596 1931 uoluptates)
610 1872 702 1917 Nomine
717 1886 741 1931 p.
755 1874 790 1919 70.
807 1873 968 1930 (Antiquioret
983 1873 1046 1918 Noui
1060 1873 1112 1920 edd.
1127 1879 1209 1920 eontra

130 1945 188 1992 mres
200 1948 266 1998 codd
281 1951 331 1994 cnr
341 1950 441 1993 tondent
450 1949 576 2004 rapientia
590 1955 720 2006 tantopere
732 1949 872 1994 tundatur?
886 1961 919 1993 cre
931 1949 979 2002 dc.)
1017 1950 1051 2002 ut)
1066 1952 1129 2008 pund
1143 1951 1162 1995 1,
1178 1951 1209 2004 (a.

131 2035 182 2076 ree,
194 2025 303 2080 ubine
317 2023 455 2083 conpendio)
481 2027 524 2068 sut
536 2023 606 2078 unde)
620 2036 654 2068 nn
668 2036 756 2067 merom
770 2022 841 2068 MOR
853 2036 888 2067 om
901 2035 962 2068 uere
980 2023 999 2068 h
1027 2024 1142 2079 tenebris)
1154 2025 1208 2073 add.

131 2098 193 2143 uires
204 2099 246 2145 un
274 2100 335 2154 dioc)
350 2099 428 2146 emh
457 2099 552 2156 dietum)
567 2101 657 2146 dicunt
670 2097 742 2145 MOR

187 2255 256 2326 crp.
273 2255 353 2319 XVI,
375 2255 420 2312 tl.
456 2256 501 2311 die
517 2257 609 2311 merdis
626 2256 677 2322 oti,
696 2255 805 2332 quihus)
824 2257 886 2312 Non
908 2262 986 2312 recte
1005 2255 1132 2313 Orelliur
1150 2257 1210 2312 hmo

129 2341 163 2399 eir
177 2346 322 2402 ammanite
359 2349 403 2402 tte
421 2351 515 2404 merdis
532 2349 599 2403 uti?
633 2349 731 2420 quihus
750 2377 786 2394 -
802 2367 856 2402 mon
873 2367 1024 2420 egereretur.
1069 2348 1209 2404 Definitur

131 2437 194 2492 cuim
210 2441 366 2494 nerhorum
384 2458 474 2512 genus
495 2440 628 2497 adiuncta
648 2459 789 2513 proxume
813 2443 954 2498 tentantia
971 2440 1113 2508 relatiua,
1149 2458 1210 2514 qum

130 2528 222 2587 Latino
235 2549 316 2587 more
333 2532 375 2586 sic
392 2531 553 2606 inplicatur,
575 2540 607 2588 ut
623 2534 776 2588 relatiuom
794 2534 823 2587 iu
843 2535 949 2606 protasi
967 2531 1076 2605 periodi
1093 2535 1140 2600 eit,
1163 2532 1209 2600 (iis

131 2624 222 2686 rerhie,
241 2641 301 2698 qun
320 2641 354 2678 ex
372 2642 406 2679 co
426 2632 507 2680 erant
526 2643 647 2697 genere,
667 2631 713 2688 ut,
732 2625 755 2680 ei
773 2626 808 2680 iie
827 2625 895 2695 deo.)
915 2629 1151 2697 quemadmodum
1170 2627 1209 2698 (ri

130 2718 247 2786 exempla
264 2716 432 2772 ucrihcuda
453 2719 531 2785 suut)
550 2718 601 2782 ttt,
619 2719 637 2774 9
657 2723 685 2772 et
703 2721 736 2785 V,
754 2719 799 2774 76.

187 2809 230 2865 ⁵2.
266 2810 356 2885 iuquit
374 2809 472 2878 Picto)
491 2810 520 2863 in
538 2810 658 2864 Phndra
676 2829 703 2881 p.
723 2809 776 2865 250
792 2813 835 2864 Dr
861 2804 924 2879 iimcc
942 2809 993 2884 reip
1011 2809 1079 2881 ἡμῖν
1095 2809 1209 2882 ὄξιτᾰτη

131 2893 233 2956 trieries*
249 2893 299 2958 rod
316 2897 439 2973 enipeum
455 2901 563 2972 ἔρχεται
580 2897 754 2973 αἰσθήσεων,
786 2893 947 2978 ᾖφρόνησισ
966 2900 1012 2970 οὔχ
1030 2896 1134 2974 o‘pe‘rsne·
1151 2900 1209 2958 dee-

131 2987 180 3050 ttir
203 2990 254 3066 peip
279 2987 316 3048 tv
338 2997 465 3064 nupsisse
481 2993 595 3064 ἔρωτας,
631 2995 661 3049 εἴ
673 3015 701 3050 τι
717 2993 840 3052 τοιοῦτον
856 2993 949 3064 daverio
967 2993 1075 3067 druppis
1099 2990 1207 3049 siderion

132 3089 258 3155 anerizm
274 3081 312 3144 rie
328 3079 395 3154 ὅφιν
424 3081 473 3141 tte.
533 3088 642 3142 Eadem
672 3087 771 3141 Cicero
794 3087 881 3141 uertit
907 3087 943 3139 de
962 3087 1018 3142 Oti.
1044 3087 1075 3152 i,
1110 3086 1144 3138 ld
1160 3085 1211 3139 ubi

132 3177 215 3240 mutto
242 3175 440 3250 neglegentius
466 3179 503 3231 ab
530 3178 641 3234 honesti
667 3181 757 3234 uerbo
780 3183 809 3232 et
834 3177 949 3231 notione
968 3179 1089 3243 orditur,
1124 3194 1208 3250 quam

132 3261 182 3336 ipre
197 3273 347 3338 mncmhut,
366 3268 394 3324 im
412 3269 573 3342 sapientire,
593 3288 677 3343 quam
697 3273 782 3326 Plato
800 3269 973 3335 nominarat,
993 3269 1103 3326 desiuit.
1138 3272 1210 3326 For·

132 3375 174 3412 mc
198 3363 313 3431 poseium
343 3365 436 3418 uideri
468 3381 521 3436 pro
554 3380 603 3430 co,
640 3365 714 3434 qnod
744 3369 786 3416 eet
815 3362 907 3424 cerni,
950 3361 1045 3432 petitu
1078 3364 1209 3434 exempla

130 3447 187 3503 orm
212 3455 245 3507 ad
276 3455 307 3512 h.
332 3457 354 3509 Ι.
379 3456 543 3528 cnuiigeue,
579 3454 651 3509 iliud
678 3472 788 3526 quoque
813 3453 926 3525 poenit,
960 3457 1033 3525 quod
1059 3455 1132 3509 mira
1160 3473 1208 3510 ue·

129 3541 264 3613 glegonem
290 3553 390 3602 natum
417 3565 514 3602 omnes
542 3547 680 3602 editiones
707 3547 995 3618 inquientem.
1018 3554 1049 3612 1,
1069 3547 1120 3602 ote
1139 3547 1208 3608 hmo,

129 3649 180 3704 ψ’·
194 3639 320 3694 uidentur
337 3647 404 3695 oute
420 3642 523 3704 conice,
543 3657 603 3695 erse
620 3639 711 3709 mugit
731 3639 794 3706 (scr.
814 3642 990 3694 anteuenias
1009 3656 1083 3701 esse,
1102 3634 1210 3708 magis)

128 3735 211 3790 pute·
234 3734 389 3806 pemesdm

189 3823 291 3896 «picem
306 3825 486 3888 intenebris)
524 3823 611 3878 Mirer
636 3823 745 3878 addunt
772 3823 858 3878 etism
884 3841 908 3896 ψ
933 3829 962 3878 et
987 3829 1044 3876 tres
1065 3819 1118 3874 Gai
1138 3821 1208 3889 (uon

127 3911 211 3983 Stin.)
230 3924 392 3990 morasque
409 3918 472 3972 iero
495 3917 651 3983 editiones,
674 3917 794 3971 breuem
819 3916 862 3970 rei
885 3921 957 3971 uoto
975 3911 1211 3985 significationem

129 4009 272 4076 tuturos
319 4013 383 4068 idon
402 4017 466 4067 erre
484 4009 514 4065 iu
532 4011 606 4066 dior·
626 4026 678 4064 mcc
695 4008 725 4063 iu
751 4027 809 4081 mg.
836 4001 914 4062 Cret.
967 4008 1009 4060 De
1034 4006 1095 4075 ipso
1115 4001 1211 4074 digitis

128 4095 245 4154 mirudi
268 4104 332 4160 luen
366 4111 394 4161 ct
421 4102 576 4177 pronorhio
601 4101 667 4157 inde
693 4108 758 4158 ueto
785 4101 821 4156 ad
847 4098 1062 4171 significandam
1092 4094 1211 4152 alicuine

129 4191 207 4246 Ην·
226 4197 377 4268 expositum
397 4203 423 4254 ri
442 4198 479 4252 nh
498 4193 710 4256 comestoribus
728 4194 868 4250 librorum
888 4193 923 4245 de
941 4191 996 4248 Off.
1018 4192 1052 4246 od
1073 4192 1131 4258 ΙΙΙ,
1166 4192 1209 4246 m.
