2688 4880
281 311 338 376 ET
358 309 470 382 Mal..
494 309 579 376 Litt.
601 311 632 376 ll
655 311 751 378 cat.
775 319 824 378 1⁷.
1037 317 1101 380 ²48

52 505 138 592 probis
158 526 284 591 poenam
308 509 508 594 proponitis,
541 506 743 590 inpetibilem
767 507 892 588 facitis,
926 529 1021 595 quom
1047 531 1099 574 sa·

51 616 164 697 piantem
184 633 308 699 tempor
329 613 406 678 boni
428 613 513 700 pluo,
530 613 651 678 babere
674 612 785 692 noltia,
808 611 1025 679 tolerabilem.

116 716 233 784 XVlll.
283 721 348 786 Sed
378 717 468 806 tinge
501 740 564 784 non
593 717 699 784 solnm
725 715 879 784 callidam
902 743 997 801 eum,
1044 723 1099 808 qni

49 821 144 908 aliquid
163 824 296 910 inprobe
316 825 429 904 iaciat,
451 847 567 890 nerum
587 828 686 890 otiam
711 837 969 912 praepotentem,
994 839 1030 891 ut
1051 826 1099 892 M.

49 926 157 994 Gracina
173 931 248 1010 luit,
272 933 342 1018 (qui
366 945 475 996 tamen
498 931 627 997 colebat
646 935 693 996 uti
715 952 775 996 auo
803 931 916 1010 bono‚)
946 951 980 997 nt
1001 935 1098 998 hodio

49 1047 68 1094 at
93 1051 187 1102 noster
218 1036 415 1124 Pompeius,
463 1040 513 1102 cni
546 1051 635 1102 recte
665 1038 797 1101 facienti
827 1041 935 1124 gratia
975 1051 1005 1104 at
1042 1041 1098 1105 ha-

49 1138 141 1216 bendac
177 1163 246 1208 ecee
276 1145 364 1208 enim
392 1165 486 1230 qnam
517 1143 621 1208 uellet
654 1145 783 1229 iniquos
822 1148 1100 1233 poteratinpane.
1153 1184 1156 1190 ,

83 1331 213 1392 inpetibilem)
227 1336 386 1394 impettitlem
401 1335 534 1382 Latenoi.
568 1335 655 1394 aliquid
671 1335 777 1394 inprobe)
792 1339 861 1394 impr.
877 1339 912 1383 nl.
927 1339 977 1386 MR
1010 1343 1100 1394 nostor)

48 1411 136 1455 uenere
174 1425 237 1470 quana
252 1411 326 1457 uellet
340 1411 443 1469 inlqaoa)
461 1425 532 1468 qaam
547 1413 626 1458 uellet
643 1415 742 1468 iniquae
756 1416 838 1458 iactate
857 1415 1005 1480 anpmale
1020 1415 1098 1461 uellet

48 1483 289 1542 improperante
309 1489 422 1543 qoematr
436 1489 516 1534 vellet
530 1489 631 1544 iniquae
645 1490 755 1534 intartae
769 1489 787 1534 0

96 1651 132 1707 bi.
161 1653 335 1723 inpetibilem)
357 1653 502 1710 Patitttem
522 1656 649 1710 dolorem
669 1657 769 1712 Cicero
789 1657 859 1711 otrtt
876 1659 961 1712 Tace.
982 1659 1100 1726 1v‚al;

48 1739 89 1794 alio
103 1743 171 1798 noio
189 1757 321 1803 natatem
341 1747 490 1818 patibilem
509 1749 543 1802 tt.
564 1749 597 1802 Ι).
615 1749 673 1814 ΙΙΙ,
689 1747 739 1814 29,
759 1767 818 1819 qua
835 1750 893 1822 pati
912 1750 1006 1822 poerit.
1043 1753 1101 1806 Uo·

49 1833 98 1887 ralia
112 1839 216 1894 tametio
237 1840 292 1894 etei
311 1855 366 1894 non
384 1840 417 1894 tit
441 1839 470 1894 in
492 1841 646 1910 inpetierit,
682 1848 776 1896 tamea
796 1847 824 1896 et
842 1841 950 1897 relicua
968 1842 1101 1914 analogia

48 1929 142 1988 titoltl.
160 1934 260 1999 (tribue
281 1930 349 1996 Gai)
375 1939 404 1986 et
429 1932 553 1987 eliorum
571 1933 743 2002 acriptornm
761 1949 815 1987 cau
833 1933 995 1988 tlelenditur
1036 1935 1103 1990 lilox

47 2017 130 2084 aperie
144 2025 244 2096 attqotrt
262 2026 352 2080 etiem
369 2026 442 2079 lind.
463 2033 593 2096 aterque,
612 2027 689 2090 Bac,
708 2027 742 2078 erl
756 2027 832 2080 crat
847 2033 875 2080 et
887 2025 949 2079 alin
966 2027 1101 2097 quadem.

95 2115 132 2167 cti
144 2133 189 2170 reo
206 2120 291 2188 bean)
315 2118 475 2173 Potentiam
496 2117 653 2188 eignllicari
672 2123 788 2187 putant,
806 2135 866 2189 quae
886 2119 1010 2188 primum
1032 2119 1103 2173 mire

47 2199 116 2257 lenta
128 2212 281 2280 appellator
299 2211 329 2264 in
346 2211 403 2264 hac
420 2209 621 2278 diopetatione,
641 2216 669 2263 et
686 2225 774 2272 enom,
788 2216 929 2280 tamqnam
941 2211 1103 2280 proprinmt

46 2293 120 2352 torte
134 2303 221 2356 emnia
239 2304 340 2358 turbet
358 2301 615 2374 particulatam,
634 2319 695 2373 qne
712 2301 825 2356 nilctor
844 2302 1036 2374 exceptionem
1050 2305 1104 2358 ali-

46 2403 107 2452 qnam
122 2391 276 2464 tignilicere
296 2402 327 2450 et
344 2395 551 2458 remotionem,
576 2411 660 2466 quom
680 2398 774 2447 tannen
791 2394 847 2448 boo
864 2394 924 2466 ipro
943 2394 1035 2466 aptiae
1053 2396 1104 2450 liat

46 2477 303 2558 Centumalum,
334 2486 358 2541 ri
378 2487 464 2542 etiem
483 2502 549 2542 nene
569 2485 694 2558 potentia
713 2485 824 2539 «licitur.
886 2488 987 2558 ltaque
1006 2487 1103 2552 Gaiae,

48 2570 112 2627 niam
126 2579 361 2650 significationum
383 2581 504 2646 artilex,
528 2587 619 2632 temen
638 2581 702 2634 oolt
720 2595 781 2632 erac
799 2580 923 2655 paidom,
962 2581 997 2634 etl
1017 2595 1101 2652 qoam

46 2661 86 2718 aim
104 2677 152 2723 ton
169 2673 281 2726 demum
304 2673 437 2726 nonnihil
457 2670 577 2736 accedit,
596 2688 679 2742 quom
700 2671 751 2724 boc
770 2679 858 2725 tamen
880 2671 982 2727 dicitnr
999 2689 1103 2743 proco,

45 2757 97 2820 tuot
116 2769 165 2828 cat,
190 2765 242 2819 icoc
261 2767 362 2818 cattam
382 2765 420 2832 (ei
439 2782 495 2818 non
514 2761 596 2830 alin).
634 2765 701 2819 Otto
721 2771 813 2818 entem
833 2763 961 2835 ecripritr
983 2764 1030 2832 qai
1048 2771 1105 2816 tom

46 2845 138 2918 settara
158 2851 183 2909 ia
201 2875 257 2930 qno
276 2864 394 2912 manent
412 2855 520 2912 relicua
538 2857 723 2911 incommoda.
761 2855 816 2911 Seri
835 2855 907 2910 nilril
927 2857 1103 2910 mutandam.

46 2937 163 3008 cnm,
182 2951 233 3006 clei
254 2959 330 3005 eeact
352 2957 515 3022 prepotens,
535 2953 631 3004 tamen
651 2965 701 3003 eoo
720 2949 810 3014 bono,
827 2947 855 3002 ΙΙΙ
875 2955 933 3013 eet,
951 2948 1023 3018 quoti
1045 2947 1105 3002 ciue

46 3033 156 3103 propriam
173 3047 244 3098 met
263 3051 294 3098 et
312 3045 386 3114 quoti
404 3043 444 3108 ia,
464 3042 565 3099 cetaria
583 3039 701 3106 omiaeie,
720 3049 895 3111 aequaretur,
917 3035 1045 3108 pecnnia,
1064 3039 1105 3092 ati

45 3125 129 3184 alitam
146 3133 241 3190 Cicero
260 3135 333 3188 tllcii
351 3135 386 3188 etl
408 3151 459 3200 ee,
488 3152 548 3206 qnae
570 3135 675 3199 nollet,
697 3121 859 3192 ecliclead'a.
896 3131 943 3185 Sic
962 3136 1039 3184 recta
1057 3133 1104 3184 bo·

47 3227 90 3270 “⁸³
104 3229 126 3275 tt
143 3229 250 3294 acerbe,
271 3240 418 3299 tamqnam
441 3243 472 3280 ea
494 3225 586 3280 Graeci
604 3225 754 3287 tentantia,
774 3225 887 3280 dicitnr.
963 3223 967 3229 '

96 3331 145 3368 erae
177 3322 247 3373 caim
276 3337 359 3389 qaam
382 3321 467 3372 callet
494 3319 611 3387 iniquos)
650 3318 698 3372 Sic
722 3318 831 3389 primae
857 3313 982 3371 Orelliae
1010 3315 1104 3370 edidit.

48 3397 109 3461 ima
124 3411 200 3464 evitet
219 3429 318 3468 omnen
336 3411 403 3466 lacni
422 3411 513 3473 coriti,
533 3411 595 3464 Pal.
613 3411 645 3478 l,
667 3410 752 3482 Spin,
773 3409 871 3464 (lilani
890 3409 929 3475 (in
948 3408 1104 3465 Burmanni

45 3490 96 3560 sill·
111 3501 190 3570 Epiat.
210 3506 236 3558 ΙΙ
258 3525 285 3576 p.
304 3503 435 3570 attatei.
455 3503 527 3567 (rinc
544 3501 629 3556 dubio
647 3501 688 3570 2),
709 3502 783 3558 (ind.
801 3501 828 3568 2,
847 3501 933 3556 etiam
951 3503 1037 3566 liant
1057 3503 1106 3554 tlc-
1182 3525 1188 3540 ν

47 3585 135 3645 teriora
152 3597 252 3662 (reteri
270 3597 332 3650 eine
350 3597 437 3650 dnbio
455 3597 541 3657 Pell..
561 3592 724 3661 llaoieiani,
742 3597 828 3664 Ora.)
847 3596 986 3666 qnomaie,
1005 3594 1033 3647 in
1052 3609 1107 3662 quo

46 3681 162 3740 partiliter
180 3697 259 3743 errat
277 3688 380 3755 Gaiae,
399 3705 452 3760 pro
471 3701 524 3751 eo,
543 3688 615 3757 qtrod
635 3693 686 3753 eet,
704 3705 816 3757 poetam
838 3705 896 3742 erae
916 3685 1040 3756 pocenaria
1060 3691 1109 3738 ant

46 3781 104 3830 itta
125 3779 183 3832 erto
207 3783 329 3834 iniectae
356 3782 474 3846 (tir-once
503 3780 634 3849 exempla
667 3777 809 3850 reperient
835 3781 910 3851 apud
937 3777 1107 3834 liamrlaom.

45 3863 214 3926 libbam
243 3879 274 3929 et
298 3873 326 3927 in
355 3873 482 3942 leticia),
518 3872 620 3925 Latine
645 3869 702 3925 tlici
728 3879 844 3944 pntane:
879 3870 1004 3946 peremnia
1028 3867 1110 3920 uelint

47 3959 232 4030 artemitam,
248 3981 378 4034 porcam,
419 3973 447 4021 ot
465 3962 599 4020 lilrmrioa
626 3964 791 4036 increpem,
829 3965 878 4034 qni
895 3963 923 4016 iri
942 3959 1109 4032 ignorarint.

46 4041 221 4123 laniatque·
240 4065 344 4127 preter
362 4059 422 4111 Eri.
442 4057 527 4112 etiam
557 4055 630 4127 Spir.
651 4064 678 4111 et
697 4059 756 4112 coil.
777 4055 883 4111 (lilani.
937 4053 991 4107 Seri
1011 4051 1110 4107 Pell

48 4135 133 4212 lainam
149 4147 254 4213 initae,
288 4165 339 4202 nee
358 4149 444 4204 aliter
464 4151 492 4206 in
514 4151 559 4204 El.
576 4145 594 4202 2
614 4151 701 4205 laicae
722 4151 836 4204 elidatur
856 4147 976 4216 (iniquae
996 4153 1022 4198 et
1040 4145 1112 4198 iaia·

49 4235 91 4282 aar
107 4235 197 4294 Batiai
216 4241 378 4296 coniectore
395 4244 452 4310 σοι
488 4242 621 4314 Scaliger
636 4243 789 4311 ascriptum
811 4241 936 4294 lrabebat
957 4239 1032 4294 libro
1046 4255 1111 4293 eaor

51 4317 88 4372 liti
104 4329 164 4380 enim
183 4349 264 4399 qnam
281 4335 379 4400 uellet,
403 4335 528 4412 inipetu:
565 4336 654 4389 iactae
674 4339 784 4404 poterat
804 4333 919 4401 inpune,
953 4331 999 4403 qtti
1019 4347 1113 4385 emcn-

868 4445 915 4498 1tt‘
