2726 4884
236 269 298 334 628
588 263 647 328 DE
670 263 845 332 arsinus
868 264 970 332 BON.

239 461 322 526 teies
346 461 559 524 animantiam
584 459 727 524 omnium
749 473 857 538 ortus,
890 462 1015 537 uictus,
1041 457 1180 544 figuram
1211 459 1309 526 Theo·

236 571 390 657 phrsstus
413 579 522 630 nutem
547 567 695 654 stirpium
723 578 855 630 naturas
878 568 1087 651 omniumque
1110 565 1178 628 t'ere
1203 587 1308 642 rerum,

238 697 320 762 quae
344 696 361 737 e
383 686 470 736 terra
492 674 726 758 gignerentur,
778 693 911 736 caussas
934 683 1031 756 utque
1055 672 1218 746 rationes3
1257 691 1308 754 qna

238 803 280 846 ex
312 781 499 867 cognitione
529 776 657 842 facilior
688 778 772 841 fucta
793 790 824 840 st
846 780 1058 863 inuestigatio
1084 797 1191 840 rernm
1217 773 1307 839 occui-

238 891 455 951 tiseumasum.
522 881 780 969 Disserendique
802 882 844 946 ab
864 884 967 948 isdem
991 905 1054 946 uon
1079 881 1248 946 dialectice
1266 902 1307 943 so·

237 993 325 1070 lum,
354 992 411 1055 sed
437 992 533 1054 etiam
558 990 699 1052 oratorie
724 1002 991 1074 praecepissent
1013 990 1152 1062 'tradita3
1184 987 1224 1052 ab
1244 987 1305 1052 hri·

236 1097 419 1183 stoteleque
450 1097 596 1181 principe
624 1095 663 1158 de
694 1095 836 1181 singulis
866 1095 963 1160 rebus
998 1098 1032 1159 in
1057 1107 1229 1179 utramque
1248 1115 1305 1178 pnr-

236 1220 301 1268 tem
327 1203 454 1268 dicendi
481 1202 677 1266 exercitatio
699 1215 728 1264 st
749 1202 910 1281 instituta,
932 1214 967 1264 ut
989 1223 1053 1265 nou
1079 1213 1195 1265 contra
1214 1201 1303 1263 curnis

235 1332 381 1396 semper,
398 1311 483 1370 sicut
505 1305 693 1385 Arcesilae,
716 1308 850 1386 diceret,
875 1321 1033 1371 ettamen
1057 1317 1093 1368 ut
1116 1308 1148 1368 iu
1173 1303 1302 1369 omnihus

237 1415 356 1494 rebus,
380 1413 535 1499 quidquid
560 1434 604 1476 ex
630 1425 767 1500 utraque
791 1426 882 1499 purte
906 1414 970 1476 dici
993 1425 1124 1496 posset,
1150 1431 1303 1498 exprome·

234 1533 296 1585 ret·
366 1523 417 1583 ll.
448 1517 555 1596 Quom
590 1533 699 1582 autem
730 1521 825 1582 tertia
857 1539 931 1600 pars
962 1517 1045 1582 bene
1070 1518 1208 1581 uiuendi
1230 1537 1302 1602 prae

130 1709 131 1712 Ἴ
236 1639 331 1712 cepta
360 1639 551 1711 quaereret,
594 1647 633 1690 ea
664 1635 845 1711 quoquest
869 1623 910 1689 ab
934 1625 1036 1688 isdem
1062 1620 1300 1688 noneolumsh

234 1735 383 1816 priuatae
409 1733 496 1795 uitae
521 1733 699 1810 rationem,
720 1711 777 1795 sesi
802 1733 899 1794 etiam
921 1731 961 1793 ad
983 1751 1090 1793 rerum
1116 1729 1300 1816 publicorum

234 1841 410 1903 rectionem
434 1836 547 1902 relata.
605 1836 760 1901 Omnium
785 1837 855 1901 tere
880 1837 1047 1901 ciuitatum
1071 1857 1136 1899 non
1161 1835 1299 1900 Graeciae

287 2031 371 2094 uictus)
385 2037 499 2088 matesis
535 2041 559 2093 e)
573 2039 652 2084 om.E
682 2049 711 2082 es
725 2035 867 2092 cognitione)
881 2035 1102 2092 excogitationis
1132 2035 1300 2089 ishenietstess

232 2115 314 2159 Litor.
347 2115 429 2169 sotum)
443 2115 520 2159 ous.0
553 2113 664 2169 oratoria)
678 2114 789 2157 oratorie
804 2113 847 2156 aa
874 2113 919 2164 est)
933 2125 978 2155 oru-
994 2111 1033 2156 Pc
1061 2111 1299 2169 possetipossithch

231 2193 388 2248 expromeret)
404 2193 552 2247 exprimeret
566 2189 649 2234 ceca
709 2190 743 2234 11.
757 2189 839 2244 isdem)
855 2190 915 2233 eisd.
932 2189 1016 2233 tritor.
1054 2189 1084 2234 eh
1099 2201 1181 2236 ιιιιιιι
1194 2211 1221 2224 -
1235 2188 1299 2236 selem

232 2267 273 2313 seh
287 2267 367 2321 etiarn)
381 2280 424 2312 orn.
441 2267 460 2312 B
495 2266 630 2322 motionem)
643 2267 734 2311 direct·
749 2265 769 2310 Is
866 2257 872 2268 '

301 2457 344 2509 1⁰.
381 2453 591 2528 Disserendique
615 2452 650 2504 oh
677 2452 773 2518 isdem)
809 2451 963 2506 Transitur
988 2453 1025 2506 oh
1051 2455 1171 2508 aiteram
1208 2461 1298 2525 purten

230 2546 382 2616 disciplina
400 2564 433 2599 eo
453 2546 547 2610 mutio,
566 2561 620 2615 quo
642 2546 678 2597 nd
697 2551 747 2604 111.
761 2543 797 2598 78
814 2545 921 2598 oretum
940 2554 974 2598 st.
1011 2547 1103 2617 Uulgo
1124 2545 1163 2599 sic
1184 2548 1240 2600 heo
1254 2545 1298 2596 his·

230 2644 399 2707 serpunturs
414 2639 539 2706 figuras.
577 2636 784 2704 Theophrastus
802 2665 837 2679 -
855 2637 983 2690 rationes.
1022 2638 1082 2702 Qrsu
1104 2665 1129 2676 —
1154 2639 1297 2691 coemtisss·

229 2745 353 2782 morsm.-
372 2728 576 2795 disserendique
594 2727 646 2782 &a
682 2729 833 2782 Sententia
856 2729 958 2782 oedem
985 2731 1181 2784 tractabantur
1199 2731 1244 2783 hih.
1260 2727 1297 2790 tr,

228 2821 247 2876 5
263 2839 321 2892 sqq.
358 2820 460 2874 Pauiio
480 2822 543 2890 post
561 2827 729 2888 expromeret
749 2821 857 2873 Marsus
879 2818 944 2882 (tar.
966 2821 1081 2887 Here),
1100 2823 1197 2886 Mau..
1216 2837 1297 2874 recu-

227 2913 314 2968 tioses
331 2911 427 2965 terite.
462 2912 619 2965 Contirmut
637 2928 704 2982 rugo
723 2909 798 2963 Crat
818 2911 905 2974 (uude
924 2911 1044 2965 tortasse
1061 2915 1106 2967 iiii
1124 2911 1295 2985 sumpserant)

229 3015 258 3060 ct
276 3019 350 3058 uuae
371 3002 432 3056 Erl.
474 3004 634 3058 Deterioree
653 3002 813 3070 exprimeret
832 3002 1037 3068 (Ouramma,
1059 3006 1121 3069 Cr„
1142 3005 1234 3072 utcu).
1269 3001 1295 3052 hu

226 3098 272 3151 his
289 3096 402 3152 uerbisr
436 3102 468 3148 est
486 3113 540 3148 non
556 3123 591 3136 -
609 3103 636 3149 et
656 3102 746 3147 tomen
771 3100 803 3146 ot
820 3095 911 3148 attero
938 3096 1001 3149 horo
1018 3103 1049 3150 est
1066 3100 1207 3162 abuuhst,
1237 3111 1296 3164 qm·

227 3189 304 3242 niam
322 3187 411 3259 priori
428 3195 579 3260 utrumque
598 3189 662 3252 (noe
688 3213 722 3225 —
749 3187 897 3253 ettamen)
924 3187 1013 3241 subici
1040 3189 1132 3260 potuit
1155 3196 1183 3245 ct
1206 3185 1296 3241 debuit.

226 3279 365 3331 Similiter
383 3278 477 3335 Dinia.
496 3279 523 3334 in
547 3282 616 3334 Grec.
636 3277 672 3334 72
689 3295 773 3350 quom
788 3279 933 3349 particulae
956 3287 989 3332 ut
1012 3283 1149 3350 partitam
1173 3275 1294 3335 euthicio-

225 3387 288 3424 uem
305 3368 470 3424 subiecisset
487 3372 549 3436 (ot,
572 3373 599 3424 si
615 3397 658 3433 -,
677 3370 725 3436 si),
744 3370 772 3423 in
790 3369 910 3424 alterius
928 3371 1048 3426 membri
1065 3371 1182 3444 spodosi
1199 3367 1296 3441 repetiit

224 3467 256 3516 ast
274 3461 335 3526 (ut,
371 3460 447 3512 si-
465 3463 559 3524 si-‚
580 3465 685 3526 uteo).
730 3463 772 3514 Ex
791 3463 888 3515 eodem
907 3479 1012 3532 genere
1029 3465 1231 3534 particularu-
1247 3477 1291 3514 uos

225 3552 445 3610 adcuratissunso
464 3552 538 3606 iuter
559 3571 589 3606 so
606 3555 764 3607 relatarum
781 3553 841 3607 hec
859 3561 933 3619 suot,
953 3555 1026 3625 quod
1045 3556 1073 3610 ia
1093 3565 1143 3611 aut
1162 3555 1252 3611 notaui
1263 3551 1292 3606 eh

224 3643 463 3713 hfflmmffi

292 3737 336 3789 11.
357 3735 480 3789 Omnium
496 3736 560 3802 sere
576 3736 720 3791 ciuitatem
739 3738 806 3805 irc.)
820 3739 1005 3809 Perspicuum
1022 3739 1059 3804 si,
1074 3737 1223 3810 significari
1238 3733 1292 3789 hri·

223 3828 333 3884 stoteiis
350 3825 500 3892 notaretur,
537 3827 730 3898 Theophrasti
757 3831 844 3886 libros
871 3838 933 3901 crept
948 3827 1050 3902 ripere,
1087 3831 1225 3902 utriusque
1242 3831 1291 3894 arpi

222 3919 357 3992 βασιλεῖαι
374 3920 494 3989 scripta,
534 3937 593 3990 que
618 3921 802 3976 nominantur
828 3925 902 3995 apud
921 3923 1088 3994 Diogenem,
1114 3917 1291 3990 Theophrasti

223 4014 343 4066 tortasse
361 4011 448 4066 etiam
467 4017 529 4086 saepi
545 4007 667 4069 παιδεῖαι
683 4013 825 4084 βασιλέως,
854 4019 915 4070 tuos
935 4013 1093 4070 Aristotelis
1114 4011 1228 4068 Potitios
1243 4007 1291 4074 (ihi

222 4104 297 4156 eninr
315 4105 350 4156 do
368 4112 484 4172 optumo
502 4102 543 4156 rei
563 4103 681 4174 publiea·
697 4107 774 4160 stetu
794 4107 910 4176 querit,
946 4125 998 4161 nec
1021 4123 1145 4162 sannaus
1169 4106 1202 4157 hc
1218 4117 1250 4154 es
1265 4115 1292 4152 re

222 4193 310 4248 libros
327 4194 471 4264 scripsisse
489 4197 634 4266 uidetur),
673 4198 867 4270 Theophrasti
891 4201 1008 4269 (preter
1031 4197 1162 4261 Politice)
1178 4199 1236 4262 arpi
1253 4189 1292 4256 rt'i
