2720 4878
262 247 324 358 ro
611 285 671 351 nn
694 281 995 353 arurausnou.

261 486 488 574 spondissent,
516 482 546 544 si
568 479 644 566 quid
666 482 852 560 uideretur,
883 481 1015 546 diceret.
1063 476 1130 556 Qui
1155 499 1226 544 mos
1250 501 1329 566 quoru

261 595 288 658 a'
302 586 539 679 posterioribus
562 609 626 650 nen
648 599 736 650 esset
758 599 922 665 retentus,
965 584 1133 650 Arcesilas
1155 607 1231 650 eum
1253 609 1330 654 reno«

261 701 369 776 canit,
401 695 626 779 instituitque,
648 705 685 755 ut
707 695 750 772 ii,
774 694 827 779 qni
852 713 888 756 ee
914 693 1028 757 audire
1052 690 1197 773 uellent,
1218 713 1280 756 non
1301 693 1330 754 de

260 827 296 869 se
317 813 529 891 quaererent,
576 798 634 862 sed
658 800 723 882 ipsi
745 799 907 878 dicerent,
939 799 1016 886 quid
1038 800 1215 874 sentirent;
1260 797 1330 884 quod

260 933 357 998 quom
386 910 570 982 dixissent,
611 903 669 968 ille
700 917 823 970 contra.
887 906 952 970 Sed
984 926 1058 968 eurn
1082 905 1136 990 qui
1159 902 1330 981 audiebant,

261 1017 365 1104 quoad
390 1023 558 1098 poterant,
586 1009 805 1076 defendebant
826 1012 1022 1076 sententiam
1046 1031 1157 1090 sunm,
1185 1011 1268 1093 apud
1289 1031 1331 1072 ce-

260 1135 348 1187 teros
377 1133 487 1184 autern
510 1116 743 1201 pbilosopbon,
786 1122 839 1206 qui
864 1121 1027 1206 quaesiuit
1051 1116 1196 1203 aliquid,
1243 1129 1331 1190 taccu

260 1228 343 1315 quod
367 1226 496 1312 quidem
518 1227 582 1288 iam
606 1222 644 1288 fit
665 1230 763 1289 etiarn
788 1228 822 1290 in
847 1225 1036 1289 Academia.
1103 1221 1170 1289 Ubi
1194 1225 1276 1286 enirn
1299 1224 1331 1297 is,

233 1336 314 1421 ‚qui
346 1333 458 1396 andire
491 1331 580 1410 uolt,
622 1333 668 1394 ita
691 1333 795 1396 dixit:
835 1330 997 1416 Uoluptas
1017 1329 1097 1394 rnibi
1122 1330 1250 1394 uidetur
1269 1349 1331 1391 esse

258 1459 420 1502 summum
452 1436 595 1516 bonum,
640 1451 798 1524 perpetua
828 1439 976 1502 oratione
1004 1449 1116 1501 contra
1153 1436 1331 1519 disputatur,

258 1557 295 1608 ut
316 1542 413 1606 facile
435 1541 585 1628 intellegi
607 1546 728 1630 possit,
751 1565 827 1622 eos,
864 1545 919 1629 qui
941 1542 1065 1628 aliquid
1085 1540 1149 1605 sibi
1169 1542 1268 1604 uideri
1290 1541 1332 1601 dia

259 1661 351 1728 cant,
398 1669 462 1712 non
487 1651 576 1734 ipsos
600 1651 633 1712 in
656 1671 695 1713 ea
717 1652 879 1713 sententia
898 1669 992 1728 esse,
1040 1648 1096 1711 sed
1120 1648 1232 1712 audire
1255 1645 1332 1709 uella

258 1758 430 1819 contraria.
477 1757 508 1816 3.
532 1753 602 1819 Nos
623 1755 823 1818 commodius
845 1757 985 1839 agimus.
1026 1751 1101 1817 Non
1126 1756 1214 1818 enim
1237 1751 1332 1816 solum

258 1859 444 1946 Torquatus
468 1860 565 1939 dixit,
594 1861 671 1946 quid
695 1863 849 1938 sentiret,
879 1862 937 1924 sed
959 1861 1070 1937 etiam,
1091 1879 1159 1923 cur.
1193 1859 1263 1944 Ego
1282 1881 1330 1922 arr-

258 1977 321 2029 tem
355 1964 514 2044 arbitror,
560 1988 753 2052 quamquam
778 1967 951 2032 admodum
976 1965 1156 2030 delectatus
1178 1987 1249 2028 num
1271 1965 1333 2028 eins

257 2075 404 2138 oratione
436 2087 611 2158 perpetua,
657 2089 764 2138 tamen
798 2075 1021 2150 commodius,
1066 2093 1162 2158 quom
1187 2074 1221 2134 in
1245 2069 1331 2134 rebus

259 2177 399 2262 singulis
432 2180 564 2242 insistas
595 2193 627 2242 et
657 2159 851 2266 intellegas,
898 2178 975 2264 quid
1005 2180 1142 2263 quisque
1176 2177 1330 2250 concedat,

256 2285 333 2369 qnid
356 2283 498 2362 abnuat,
546 2305 590 2347 ex
615 2283 714 2348 rebus
738 2286 902 2349 concessis
926 2283 1095 2363 concludi,
1139 2282 1224 2369 quod
1245 2281 1330 2356 uelis,

307 2491 405 2543 diceret)
427 2489 577 2534 dicerentIr
633 2489 657 2540 ι)
672 2503 716 2536 om.
730 2490 752 2535 ll
805 2491 898 2542 andire)
913 2491 1033 2537 eudirtss
1088 2503 1134 2535 nnn
1148 2491 1186 2544 de)
1200 2489 1331 2536 nondnnl.

253 2565 318 2624 qnid)
333 2565 430 2624 qoodE
484 2575 537 2608 corn
551 2565 599 2621 qni)
613 2567 656 2621 qui
669 2567 802 2612 Plritilior.
819 2570 1032 2627 contradicentem
1046 2568 1136 2625 quic·
1168 2567 1247 2621 ιιΙιιιι)
1261 2566 1331 2613 oms

252 2644 274 2689 8.
287 2641 328 2688 red
342 2641 423 2695 etiarn)
435 2641 480 2685 reri
494 2653 547 2686 eree
563 2641 583 2686 Β
611 2641 635 2686 iu
651 2643 730 2697 rebus)
744 2643 842 2688 stridor
858 2642 879 2687 a

252 2819 413 2874 Daulrianir
441 2819 472 2876 0.
511 2823 541 2877 G.
576 2823 625 2884 c.‚
671 2823 779 2887 nean,
816 2820 892 2878 Ball.
927 2823 1008 2890 (On.
1048 2822 1135 2894 Εξχ,)
1172 2825 1228 2879 Gai
1258 2829 1330 2895 qnat-

253 2919 328 2978 tucr,
347 2912 385 2977 bi,
404 2912 504 2976 nteit,
524 2931 630 2979 omnen,
649 2915 723 2968 iniec
743 2914 777 2966 rie
795 2915 856 2968 Eri.

322 3006 462 3058 Arcesilas
482 3023 542 3060 eura
559 3009 716 3075 reuocauit)
748 3007 871 3062 loetituii
892 3023 958 3072 non,
978 3007 1043 3077 quid
1061 3006 1121 3078 ipre
1139 3007 1268 3070 sentiret,
1288 3007 1331 3060 sed

251 3101 349 3150 contra
367 3096 406 3158 id,
426 3098 499 3166 qnod
521 3095 638 3170 quisque
655 3117 686 3152 se
702 3100 809 3154 sentire
828 3099 951 3163 dixisset,
968 3099 1113 3169 disputare
1132 3101 1188 3168 (ΠΙ
1205 3099 1241 3154 tle
1259 3101 1331 3154 Orat.

250 3187 311 3255 87.)
349 3188 491 3243 credebat
510 3189 583 3242 enirn
604 3190 736 3256 Platoni,
763 3209 847 3264 quem
865 3191 944 3264 requi
962 3193 1096 3255 uolebat,
1122 3209 1264 3247 summanr
1284 3192 1334 3245 dir·

250 3277 405 3349 putationis
422 3279 509 3334 luisse
526 3281 555 3335 in
575 3281 619 3344 iis,
640 3301 698 3353 que
715 3291 814 3338 centes
832 3283 903 3338 allos
922 3283 1036 3338 diceret.

319 3369 374 3422 Sed
392 3387 453 3422 cunr
473 3375 522 3444 qui
538 3375 700 3441 audiebant)
727 3393 787 3428 enta
805 3380 922 3446 optume
943 3382 1043 3447 preter
1063 3377 1125 3430 Erl.
1156 3375 1244 3430 etism
1263 3377 1331 3448 Spin

250 3466 279 3515 et
295 3461 359 3516 Bet.
388 3463 541 3528 dederunt3
579 3464 752 3520 contrarium
777 3467 846 3520 huic
871 3474 928 3523 ectr
962 3469 1038 3536 opud
1064 3473 1212 3521 ceteros
1238 3475 1333 3522 auten.

248 3551 388 3621 Diogenes
407 3553 501 3608 baert.
517 3557 564 3620 tv,
583 3555 618 3610 28
635 3559 671 3611 de
688 3557 833 3614 drcmllar
862 3551 963 3629 πρῶτος
978 3557 1008 3615 di
1025 3566 1068 3616 soi
1087 3557 1112 3616 r'c
1129 3557 1257 3628 indracon
1275 3560 1332 3616 ἐπε-

248 3649 354 3714 χείρησε
370 3651 414 3702 nni
431 3643 533 3718 πρῶτος
550 3645 596 3702 τὸν
614 3645 691 3719 λόγον
709 3649 812 3722 ἐκίνησε
834 3647 882 3707 riv
899 3646 950 3705 v‘ri
977 3647 1124 3706 le'rumos
1147 3650 1333 3723 παραδεδομέ-

247 3757 294 3792 νον
311 3743 355 3792 noi
374 3735 484 3806 ducique
501 3735 536 3792 δι’
554 3736 701 3810 ι’ρωτῆσεωι
717 3749 763 3798 sci
779 3737 939 3813 dnosploews
956 3739 1166 3814 ἐριστικώτερον.

317 3830 371 3882 ient
385 3831 425 3896 fit
441 3829 522 3882 etiem
541 3832 568 3882 r'n
588 3833 750 3904 Academia)
776 3835 851 3906 Spin.
872 3853 981 3907 quoque
1000 3853 1056 3890 orn.
1074 3837 1173 3901 etiamr
1195 3837 1262 3902 Bar,
1283 3837 1331 3888 iera

246 3921 327 3974 ellone
342 3924 398 3989 fit,
436 3922 511 3976 (lud.
539 3921 557 3974 2
583 3925 756 3997 quiquidem
781 3928 863 3981 aliern
881 3929 935 3980 iarn
947 3929 995 3996 fit.
1050 3927 1270 3994 omittimus,
1305 3933 1333 3980 nt

245 4011 313 4067 otto
331 4013 415 4078 lecit,
445 4031 499 4068 non
519 4020 626 4084 potesta
664 4018 715 4073 illo
734 4017 809 4075 eninr
826 4022 910 4075 unedo
931 4018 1080 4075 dicendum
1106 4022 1222 4076 eretria
1241 4039 1331 4076 carr,

245 4119 305 4170 que
323 4122 406 4174 quom
426 4114 510 4162 untes
532 4109 608 4163 iacta
626 4111 740 4165 omnine
760 4129 815 4166 uon
837 4121 926 4178 cerat,
963 4131 1037 4169 nunc
1059 4115 1142 4169 tieret
1165 4113 1193 4168 in
1222 4115 1330 4168 Arade-

244 4193 309 4248 rnia.
346 4198 506 4253 Turbaturn
525 4199 632 4270 aliquid
650 4200 678 4256 in
696 4205 851 4258 uerborum
869 4205 969 4260 ordine
988 4211 1172 4277 arrepunt,
1209 4208 1260 4262 etei
1284 4221 1330 4276 put

243 4301 273 4337 re
296 4286 479 4356 uptiesuuurtn
499 4299 539 4356 st,
561 4295 634 4363 quod
655 4295 756 4350 editur.
