2728 4878
265 307 307 368 44
616 301 677 368 DE
698 297 875 368 FlNlBUS
899 297 1000 366 Bou.

266 520 330 586 quo
360 495 441 560 nihil
473 497 599 582 turpius
632 495 784 582 physico,
829 518 925 582 quern
965 493 1037 559 fieri
1073 481 1264 579 quicquum
1285 487 1325 548 sir

267 623 383 668 causon
406 603 548 684 dicere),
580 615 613 666 et
635 602 729 668 illurn
751 617 873 667 motum
900 599 1082 666 naturalem
1105 597 1251 662 ornniunr
1275 613 1325 676 por

265 708 390 786 derum,
407 723 441 770 ut
463 710 533 794 ipse
557 711 736 788 constituit,
758 731 776 773 e
797 712 932 794 regione
954 705 1143 770 interiorem
1166 701 1277 766 locuni
1299 721 1325 782 p

266 816 417 894 tentiuru,
439 816 510 878 eine
535 836 651 878 caussa
673 816 793 899 eripuit
820 816 954 888 ntornis;
979 834 1038 876 neo
1060 825 1169 874 tumen
1193 809 1240 886 id,
1263 807 1326 868 cuir

266 942 382 984 carrena
403 921 484 985 lineo
506 917 670 1000 finxerat,
703 919 877 984 adsecutus
898 931 957 982 est.
1000 921 1055 981 20.
1081 915 1163 980 Nem
1189 917 1220 978 si
1242 933 1326 977 urunt

267 1029 366 1089 atomi
382 1024 604 1105 declinabunt,
622 1025 731 1091 nullae
747 1049 898 1112 uruquarn
915 1023 1160 1095 cohaerescent,
1185 1022 1259 1082 siue
1271 1015 1326 1079 alin

325 1209 446 1266 quicqum
458 1215 512 1254 utne
525 1211 617 1264 muron)
629 1223 646 1258 r.
662 1225 683 1255 c.
695 1225 715 1268 p.
730 1209 883 1256 LPMCRor.
939 1205 1069 1261 cresinae)
1081 1219 1096 1250 c
1112 1205 1215 1262 regione
1230 1201 1251 1246 li
1268 1203 1327 1258 regri

265 1297 320 1329 neor
333 1284 373 1329 lsl'
406 1284 623 1339 inflectione

335 1468 387 1522 quo
405 1450 475 1502 otuu
493 1449 602 1517 turpior
617 1451 732 1518 plrprico
751 1451 844 1524 quern)
872 1451 946 1520 quod
972 1448 1066 1504 inuret
1091 1447 1119 1502 in
1139 1446 1201 1516 ipro
1221 1445 1328 1498 reietin

266 1543 424 1612 explicatur
441 1541 551 1596 odiente
571 1561 621 1612 per
639 1561 720 1614 quom
737 1542 849 1614 integro
867 1541 1024 1605 cententio,
1042 1557 1097 1612 quo
1116 1540 1164 1604 lit,
1182 1545 1213 1592 nt
1233 1539 1328 1593 eltrrnt

265 1632 473 1704 conpunctionir
503 1635 663 1688 membrum
695 1633 846 1704 dupliciter
876 1633 1061 1702 significetur.
1121 1631 1198 1686 uixit
1233 1631 1268 1683 dc
1299 1631 1328 1682 lu

267 1741 453 1796 epexegeneor
471 1743 593 1796 genero,
622 1725 726 1780 Greci·
748 1735 776 1780 ot
794 1725 924 1779 Ciceroni
945 1727 1029 1779 uelde
1049 1724 1169 1786 unitate,
1191 1741 1243 1776 nec
1261 1739 1328 1790 mug

265 1817 294 1872 in
306 1817 428 1871 relutiuo
439 1835 524 1882 quem
537 1817 566 1870 in
577 1817 810 1878 demonrtrutiuo,
831 1819 1014 1874 lleindortiur
1030 1819 1065 1870 ud
1081 1819 1093 1870 l
1109 1818 1142 1871 N.
1156 1817 1188 1868 Ι).
1198 1815 1244 1876 08,
1263 1813 1329 1868 citui

265 1909 350 1964 etium
370 1909 574 1979 nrrperioriltur,
594 1911 776 1972 lllcrllendo,
795 1910 918 1980 Toupio‚
939 1909 1129 1980 Woplrcnci03
1147 1909 1203 1961 uid.
1221 1911 1255 1961 rie
1273 1909 1329 1962 Ore

265 2004 287 2070 l,
306 2001 368 2068 100,
385 2008 421 2066 11,
440 2001 474 2054 00
493 2009 521 2055 et
538 2001 599 2068 302,
618 2003 703 2056 ilerd.
723 2005 745 2065 1.
762 2004 814 2068 ld,
834 2004 916 2056 Uerr.
936 2005 983 2064 lv,
1004 2005 1055 2062 77,
1076 2002 1109 2053 ed
1130 2002 1216 2055 Attio.
1235 1999 1329 2063 met

263 2097 306 2150 llo
325 2093 428 2148 Grecis
446 2095 603 2150 satisfaciet
629 2096 759 2166 exempla
777 2095 911 2165 querenti
930 2093 1090 2149 Matthicur
1115 2095 1244 2150 (irarum.
1263 2093 1330 2146 tire<

265 2189 349 2258 §⁴5⁰
366 2195 425 2244 not.
442 2187 460 2240 2
478 2195 505 2240 et
525 2206 593 2257 quoe
612 2188 662 2240 ille
680 2187 757 2241 citet.
795 2191 858 2240 lloc
884 2189 948 2240 loco
973 2204 1033 2240 rem
1059 2202 1076 2240 e
1101 2185 1244 2256 plcrirqnc
1268 2199 1330 2252 nupt

263 2280 388 2336 rioribus
407 2278 561 2332 editoribus
582 2297 637 2332 non
656 2279 829 2333 intellectum
854 2279 911 2332 ium
938 2279 1070 2332 Bremiue
1096 2280 1257 2332 conleeernt
1282 2295 1330 2328 con

262 2371 439 2442 lectoresque
458 2371 615 2432 relutnrnt,
653 2371 792 2424 uduooeto
817 2372 869 2425 illo
896 2390 929 2424 ex
954 2371 1029 2424 lilrro
1055 2372 1067 2423 1
1085 2372 1120 2424 dc
1137 2372 1170 2427 N.
1189 2371 1223 2424 D.
1242 2371 1302 2424 loco
1321 2387 1330 2420 t

264 2463 435 2532 eonrporutir
455 2461 519 2514 eliir
537 2461 689 2531 geuerilruc
708 2462 881 2531 pronomini·
899 2464 1009 2517 odiente
1027 2462 1165 2517 cententio
1186 2459 1331 2515 declarend

264 2555 373 2614 (uelutz
392 2552 465 2623 quod
483 2581 517 2591 —
533 2559 637 2624 quanto
653 2554 696 2604 uir
715 2555 790 2618 ierit,
810 2555 834 2606 ll
855 2557 887 2608 ll.
906 2557 940 2610 u.
952 2555 996 2618 24,
1016 2555 1089 2617 dre).
1125 2557 1167 2609 Ne
1184 2553 1225 2609 ric
1237 2555 1331 2625 quiden

265 2644 361 2708 (luins,
380 2643 446 2713 quid
470 2653 614 2715 ageretur,
632 2644 779 2700 intellexit.

332 2735 389 2788 lrec
402 2738 538 2803 finxerat)
561 2737 618 2790 lloe
636 2738 770 2807 preterL
785 2739 890 2794 linirent
903 2741 987 2794 etiem
1005 2742 1070 2794 Per.
1089 2739 1107 2793 3
1124 2745 1153 2794 ct
1169 2741 1213 2794 El.
1234 2738 1260 2805 2,
1279 2757 1331 2810 qno

261 2830 334 2884 lluu.
351 2836 464 2883 recutuc
483 2835 533 2884 eet.
570 2830 656 2885 Plnrn
667 2831 980 2902 comprehendebantur
997 2847 1053 2887 nnn
1064 2831 1116 2887 ille
1134 2835 1169 2886 de
1188 2839 1331 2888 ntomorun

262 2921 451 2976 declinatione
469 2923 619 2977 sententie.

331 3013 375 3068 20.
411 3013 442 3066 Si
459 3032 549 3067 omnes
568 3043 602 3056 -
621 3016 679 3070 ciue
698 3021 774 3087 elie)
811 3022 923 3075 Tnetur
941 3020 1015 3072 lione
1032 3017 1205 3073 dilemmotic
1224 3021 1331 3074 lormnu

261 3109 388 3163 codicum
412 3125 579 3172 eonsensum
618 3109 708 3176 (colun
727 3112 800 3166 Gud.
827 3111 845 3164 2
868 3113 1008 3164 rueuitnte
1026 3128 1076 3181 pro
1103 3112 1176 3176 eine3
1213 3109 1329 3166 iilrrnriu

261 3201 457 3270 compendium
478 3200 606 3273 putruit,
631 3203 703 3271 quod
721 3204 836 3274 pienum
857 3207 952 3272 erut),
972 3205 1131 3272 exemplum
1149 3202 1272 3256 eiurdern
1294 3223 1329 3275 ge

261 3290 335 3348 neris
353 3310 405 3344 nec
426 3294 672 3363 epudciceronem
691 3313 742 3348 nec
760 3293 1330 3366 opudquemquomeliumproreorutioni

260 3384 425 3453 scriptorem
444 3385 590 3440 inuentum
611 3395 652 3452 ot,
689 3385 745 3442 imo
770 3406 804 3441 ne
822 3391 896 3459 epod
916 3392 1028 3460 podium
1048 3384 1176 3457 quidemr
1212 3405 1276 3442 num
1296 3407 1330 3442 nu

260 3475 402 3529 dissolutis
431 3475 576 3530 ecriteutiir
600 3476 714 3546 ponitur
740 3481 767 3530 ci
789 3507 824 3522 -
843 3493 887 3533 ern
906 3481 957 3549 (ci)
986 3487 1035 3534 eut
1062 3479 1217 3534 coniunctio
1236 3481 1293 3534 rinc
1310 3511 1331 3521 -

259 3569 326 3620 niue.
362 3567 482 3620 Ploutuo
503 3577 531 3622 ct
548 3570 699 3624 Terentius
718 3567 948 3648 peucic'loeirtu‘
965 3601 998 3614 -
1018 3573 1076 3624 eine
1094 3572 1233 3636 dixerunt,
1253 3577 1300 3627 red
1313 3575 1331 3628 ir

260 3676 315 3714 nun
334 3656 474 3712 sententio
492 3661 533 3727 (ri
549 3663 638 3714 medie
655 3679 708 3714 nou
725 3671 766 3716 ert
785 3667 844 3718 niue
862 3673 888 3718 et
904 3667 997 3734 prime
1015 3683 1142 3734 erupere,
1159 3666 1251 3719 Plout.
1271 3668 1331 3720 Gur·

258 3753 315 3806 cul.
333 3751 361 3813 1,
379 3750 412 3816 l,
430 3751 465 3811 4,
485 3752 537 3804 elr.
557 3755 650 3810 Bentl.
668 3756 702 3807 od
722 3758 838 3811 Terent.
860 3759 943 3812 Andr.
963 3760 992 3819 l,
1010 3756 1045 3821 3,
1063 3757 1121 3826 11).
1158 3761 1225 3827 Qun
1245 3769 1331 3830 prete·

257 3861 307 3900 ree
325 3851 515 3914 conponuntur
534 3862 551 3898 o
570 3845 641 3899 Gcio
660 3849 696 3900 od
714 3849 800 3902 leod.
824 3851 850 3912 1,
870 3852 897 3916 7,
917 3849 1098 3924 ulienicoumo
1113 3857 1187 3904 cnut.
1238 3852 1267 3903 ln
1290 3851 1331 3906 un

256 3938 317 4007 ipro
340 3939 404 3992 loeo
429 3935 528 3991 cicero
549 3937 648 4007 incipit
672 3954 689 3992 n
718 3941 811 3996 lornre
836 3943 1007 3998 dilcmrnutin
1033 3943 1152 3998 connexi
1181 3944 1250 4008 (ciue
1271 3947 1331 3996 enin

258 4030 391 4084 Zenonem
409 4032 557 4102 eepuure);
575 4030 676 4084 deinde
695 4039 800 4098 nutem,
819 4035 991 4108 interpositio
1008 4035 1117 4106 aliquot
1135 4037 1240 4098 uerbis,
1257 4055 1331 4106 quoru

256 4121 369 4193 longior
392 4125 469 4178 lactu
495 4129 567 4180 erret
591 4121 668 4192 prior
692 4141 776 4195 perc,
812 4135 956 4198 temonem
982 4129 1017 4180 de
1041 4128 1154 4198 integro
1174 4130 1280 4183 orditur
1301 4134 1331 4198 (n

256 4227 321 4263 uero
341 4215 514 4270 Academiam
532 4223 649 4270 ueterem
663 4223 885 4290 persequemur),
904 4229 944 4289 ut,
964 4224 1048 4277 modo
1061 4237 1131 4276 nere
1149 4221 1186 4275 rit
1202 4221 1331 4294 rcripturn

255 4318 305 4358 noc
324 4303 453 4359 Turnclrl
473 4311 636 4366 coniectore
655 4313 796 4382 coquendo
810 4315 913 4385 (nequo
932 4313 1084 4371 enimretir
1102 4330 1206 4370 contre
1227 4315 1331 4372 uidetur
