2726 4884
294 299 350 365 ΕΤ
374 297 483 366 MAL.
507 297 591 366 ΗΒ.
613 299 646 365 V
668 297 764 364 CAP.
785 302 816 365 2.
1034 303 1095 370 ⁶21

36 519 85 580 que
105 499 190 582 ipsa,
214 507 303 560 tanta
323 497 437 582 ingeni
460 496 685 582 magnitudine
710 493 1036 575 ortuqdenderart
1057 497 1099 563 il·

37 601 88 666 iam
110 623 216 666 uocem
237 615 327 688 puto.
371 604 405 666 5.
426 598 514 666 'l'um
539 601 633 680 Piso,
660 600 825 679 Quoniam
848 601 950 688 igitur
972 601 1099 690 aliquid

38 729 139 786 omnes,
161 708 236 793 quid
258 707 384 772 Lucius
406 719 528 786 noster,
549 707 676 792 inquiti
699 729 741 772 an
763 729 838 771 eum
862 706 970 787 loetum
991 708 1098 774 liben-

39 827 75 876 ter
93 816 215 893 inuisit,
259 813 315 877 ubi
340 812 584 877 Demosthenes
605 825 638 876 et
661 811 846 877 Aeschines
869 815 956 878 inter
979 837 1016 878 se
1040 817 1097 880 de·

39 933 140 984 certare
164 919 252 984 soliti
284 920 380 984 eunti
423 919 490 982 Suo
521 920 607 982 enim
638 921 775 1004 quiaque
804 920 913 984 studio
942 941 1097 986 maxume

40 1026 151 1090 ducitur.
172 1025 236 1090 ,Ει
261 1024 338 1102 illc,
361 1045 458 1109 quom
482 1022 685 1102 erubuisset,
705 1021 804 1103 Noli,
827 1026 955 1111 inquit,
977 1049 1022 1091 ex
1045 1051 1097 1094 me

40 1153 185 1214 quaerere,
215 1133 271 1217 qui
297 1133 331 1193 in
351 1127 558 1192 Phalericum
583 1131 682 1193 etiam
704 1129 946 1209 descenderim,
975 1155 1039 1218 quo
1061 1135 1096 1198 iu

42 1234 157 1301 lococd
189 1235 322 1302 fluctum
353 1237 445 1300 aiunt
465 1233 649 1300 declamare
672 1231 807 1298 solitum
828 1233 1097 1318 Demosthenem,

79 1420 216 1472 urtstseett
230 1419 311 1472 (lawr.
364 1419 385 1464 d.
401 1419 499 1479 sliquid)
513 1419 650 1478 elquedss
681 1419 814 1474 decertsre)
828 1420 991 1466 decertertb
1020 1421 1096 1468 deols·

44 1493 226 1544 nere)dee1issre
240 1494 287 1539 ER

44 1661 90 1698 esu
107 1648 240 1704 nominare
258 1653 355 1716 debet,
374 1652 453 1707 euius
472 1651 531 1723 ipse
548 1657 662 1724 sectans
673 1652 854 1720 sequebatur.
890 1651 1097 1722 stepitusque

45 1733 98 1790 inire
113 1737 298 1810 significatur,
333 1745 365 1797 11·
389 1745 553 1798 ciceronem
571 1742 724 1797 Cernesdis
743 1744 821 1798 lusus
838 1744 873 1797 ad
892 1741 952 1797 eins
970 1745 1097 1798 scholam

45 1829 115 1894 trahiq
143 1833 316 1889 Chermsdes
341 1852 405 1888 eum
432 1837 524 1890 locutu
546 1853 600 1889 non
626 1841 732 1890 tuetur.
788 1835 871 1888 Modo
890 1835 924 1888 de
943 1836 1099 1902 carneade,

46 1919 147 1985 quonism
159 1943 219 1980 cum
238 1927 384 1981 ueteribus
402 1927 651 1996 illisconpsrutnr,
673 1931 749 1980 recte
768 1927 882 1995 ponitur
901 1924 928 1980 lo
947 1927 1098 1981 minuendo

47 2013 149 2080 temperie
163 2018 262 2088 spatie,
283 2026 315 2074 ut
332 2025 362 2072 lt
378 2019 434 2073 Off.
452 2019 496 2072 75.
534 2021 628 2088 (Quod
649 2035 699 2087 pro
711 2018 877 2070 Charmade
895 2015 1008 2070 nomine
1026 2019 1096 2070 Cer-

48 2103 118 2158 rusi·
132 2105 157 2161 ie
174 2111 317 2164 codicibus
334 2108 468 2165 substitui
481 2113 573 2164 solere
592 2111 706 2175 dicunt,
724 2117 753 2164 et
770 2108 799 2163 ie
817 2109 903 2164 dead.
923 2113 953 2162 et
971 2110 999 2162 ie
1018 2107 1098 2165 libris

48 2192 150 2252 leont
168 2217 263 2257 uerum
285 2219 303 2255 s
321 2200 462 2256 codicibus
478 2209 624 2256 seruatum
645 2210 672 2257 st
694 2209 723 2256 et
748 2202 776 2255 in
801 2203 887 2256 Tuae.
912 2219 969 2256 eeu
995 2218 1014 2256 s
1030 2204 1098 2260 solis

48 2289 159 2357 οΡίιιιιίι)
208 2293 262 2348 Sed
283 2295 311 2349 in
331 2293 459 2350 cretione
476 2293 582 2363 aliquid
600 2292 770 2350 subabsusdi
790 2293 872 2349 inest.
905 2295 1004 2364 Neque
1022 2295 1097 2348 eeisn
1158 2355 1175 2372 x

49 2379 125 2434 ttedrs
139 2383 299 2440 dioecesem
317 2388 468 2451 mouebat,
487 2387 559 2456 quod
580 2403 669 2456 nuper
688 2387 846 2442 caruesdes
865 2382 995 2453 uixisset,
1016 2385 1098 2458 (quid

49 2467 101 2522 enim
119 2474 143 2526 id
160 2479 193 2530 sd
210 2479 381 2546 exedrami)
399 2479 449 2531 setl
467 2479 540 2547 quod
562 2495 596 2530 ea
616 2495 707 2548 aupes
726 2477 768 2533 its
785 2478 820 2532 sd
839 2477 1015 2531 cernentem
1032 2495 1100 2549 per·

50 2557 160 2631 licuisset,
192 2579 223 2624 ut
240 2572 302 2625 eius
320 2570 458 2625 memoris
477 2570 503 2622 in
524 2585 557 2624 aa
575 2571 705 2622 hereret.
742 2571 839 2639 lisque
857 2570 945 2622 uelde
963 2569 1101 2638 suspicor,

50 2649 178 2714 Ciceronem
195 2662 353 2734 tempsisset
373 2663 451 2716 modo
468 2662 537 2714 eninr
550 2663 609 2726 suit
630 2661 769 2714 Carneadi
786 2661 1101 2744 (cernendis),pqnssu·

50 2759 111 2809 quan
135 2755 245 2807 eundern
280 2753 414 2808 Schuetsi
445 2753 632 2823 suspicionem
670 2754 863 2822 (Charmade)
896 2750 1023 2808 Orellius
1057 2752 1100 2806 in·

51 2839 132 2898 probet.

100 2939 165 2987 teste
184 2937 278 3007 ingeni
292 2938 498 3008 magnitudine)
516 2938 563 2992 Sic
581 2936 753 3008 cumprimis
771 2937 834 2988 edd.
855 2933 954 2998 (etium
973 2949 999 2986 s.
1019 2931 1102 2995 ledo)

52 3025 132 3086 optumi
148 3028 250 3083 codices
270 3032 352 3101 (ango
371 3031 466 3096 Grec,
504 3039 560 3084 tres
580 3030 702 3099 potiores
721 3028 786 3092 (lsi)
806 3036 834 3081 et
853 3024 1026 3081 deteriorum
1042 3023 1104 3077 sine

52 3107 114 3166 illio
129 3117 246 3191 plerique
265 3123 363 3189 (Osa.)
389 3129 595 3192 tenueruntque
621 3119 763 3174 Uictorias
782 3127 810 3174 et
830 3117 959 3189 proxumi
977 3117 1102 3184 (Greek).

53 3199 108 3258 cm,
122 3209 233 3282 sliique,
259 3219 318 3267 tum
339 3215 409 3266 Dsu.
428 3230 444 3265 e
464 3215 547 3277 Pam,
564 3212 669 3282 (quo'l)
688 3212 801 3272 dicad,
820 3211 864 3262 ut.
885 3217 913 3262 et
932 3205 1103 3262 recentiores

53 3295 265 3372 1Μ’·ίῑῖῑειιιιιιιιᾱ
285 3313 346 3358 eret
365 3305 450 3358 etiarn
469 3305 498 3357 iu
512 3305 583 3358 bier.
604 3304 665 3357 cod.
702 3303 821 3354 Rectum
841 3299 913 3353 illud
933 3305 976 3352 est
992 3297 1104 3368 signid-

53 3389 127 3452 ratque
143 3397 193 3444 lm
210 3411 310 3462 magno
328 3381 458 3464 iugenioq
475 3403 574 3449 centra
593 3394 616 3448 si
636 3394 708 3466 tanti
725 3411 787 3452 cum
804 3391 900 3460 ingeni
916 3391 1026 3461 iungas,
1045 3390 1104 3445 elio

53 3480 346 3550 trucemtrucem,
365 3489 444 3543 uelut
462 3487 608 3556 splendore
626 3486 721 3540 stione
739 3481 836 3538 simili.

102 3568 123 3622 5·
155 3575 281 3639 Quoniam
299 3579 388 3648 igitur
406 3579 511 3647 aliquid
530 3595 621 3631 omnes
637 3577 703 3642 dec.)
739 3576 842 3630 Paullo
861 3573 959 3628 ulterius
977 3573 1004 3626 in
1024 3579 1105 3626 utsu-

55 3671 92 3719 ιιι
107 3675 176 3730 qsrte
190 3671 332 3728 sententie
353 3670 472 3724 uerbum
492 3667 705 3735 immittitur,
723 3675 755 3724 ut
774 3668 897 3739 primurn
917 3683 950 3719 er
968 3661 1105 3718 uniuersas

55 3751 159 3811 rudent.
175 3777 254 3818 cumn
272 3763 472 3834 intellegatur,
498 3761 600 3816 deinde
617 3761 771 3816 deliniatur
796 3760 824 3814 iu
846 3759 916 3822 illo,
936 3757 1010 3826 qnod
1028 3754 1106 3808 suut-

56 3837 122 3910 citur,
140 3847 235 3909 t'suisit.
270 3856 373 3910 Paullo
390 3861 453 3925 post
471 3854 559 3908 lisine
577 3853 606 3908 in
624 3851 685 3908 nrt.
703 3857 733 3908 ei
750 3853 825 3924 Spir.
843 3851 943 3904 naresi
960 3863 1037 3900 esset
1056 3861 1106 3898 suo

58 3933 108 3985 ‘¹5¹
124 3948 312 4022 ummoqueq
333 3964 388 4002 noa
409 3947 502 4001 credo.

107 4045 150 4100 w
168 4035 193 4086 t'e
209 4039 267 4091 loeo
285 4039 349 4106 dee.)
367 4037 443 4092 Plnt.
461 4037 512 4092 uii.
531 4037 562 4092 X
580 4042 651 4092 ossi.
670 4055 694 4090 c.
711 4035 730 4089 8
748 4053 775 4105 p.
795 4033 897 4088 ettttr
917 4029 1106 4086 sciscendum
1124 4097 1130 4114 ι

59 4109 89 4167 let
102 4115 128 4173 sd
144 4125 303 4198 dsiqpesdr,
339 4127 408 4199 espds
423 4127 471 4187 mie
487 4125 540 4184 eois
556 4125 679 4198 κυμάτων
696 4123 814 4197 e'pqiolels
831 4121 880 4178 seis
897 4126 1003 4192 casipate
1020 4125 1110 4178 neesi-

61 4205 121 4276 'lsss
135 4212 176 4282 ἵν’,
192 4222 217 4274 ei
230 4241 294 4277 noes
310 4221 442 4292 θορυβοίη
459 4213 474 4277 o‘
491 4213 584 4291 δῆμοι,
601 4218 639 4290 μὴ
661 4217 780 4287 ἐκσταίη.
815 4219 873 4271 llic
893 4214 980 4284 igitur
998 4230 1054 4270 uon
1073 4215 1108 4270 sd

63 4298 119 4352 “teis
135 4306 185 4362 aire
202 4313 246 4368 sed
265 4314 300 4368 sd
319 4312 505 4369 constentisur
523 4313 663 4384 queamus
684 4307 771 4366 sciuri
790 4297 946 4365 staurium
970 4312 1034 4363 esur
1060 4321 1108 4360 es·
