2768 4898
276 304 318 367 52
628 301 688 366 DE
710 300 888 370 FINiBUS
911 301 1013 370 BON.

278 519 313 562 sc
336 499 434 562 etiarn
458 495 587 559 uidetur
608 496 720 562 multis
742 498 988 584 uoluptatibus,
1026 521 1124 586 quom
1148 501 1211 585 ipsi
1232 513 1339 564 notura

276 605 447 691 patrioque
475 603 579 666 amori
609 602 801 688 praetulerit
830 607 882 669 ius
912 608 1094 671 maiestatis
1118 617 1216 692 etque
1248 607 1340 690 inperi

275 697 328 774 24'.
352 707 462 786 Quidi
489 707 532 772 Τ.
557 705 763 794 Torquatus,
795 712 846 786 is,
872 715 928 798 qni
950 711 1066 776 conoul
1090 734 1161 776 cum
1183 710 1241 776 Cn.
1264 711 1340 774 Octa

275 819 332 880 uio
360 816 442 895 fuit,
487 836 583 901 quom
609 813 703 878 iliam
732 819 943 882 seueritatem
972 820 1005 881 in
1038 841 1078 883 eo
1107 817 1177 882 filio
1207 815 1340 880 adhibuit

275 945 371 1010 quem
396 924 430 986 in
453 921 660 1006 adoptionem
685 921 727 986 D.
753 922 868 988 Silano
891 925 1174 1009 emancipauerat,
1219 935 1254 985 ut
1276 945 1340 986 oum

273 1027 491 1094 Macedonum
510 1025 630 1113 legatis
654 1027 903 1107 accusantibus,
944 1030 1030 1114 quod
1055 1031 1210 1114 pecunias
1234 1043 1341 1114 praeto

273 1157 342 1200 rem
367 1137 401 1200 in
422 1135 590 1218 prouincia
614 1135 739 1216 cepisse
759 1148 953 1222 arguerent,
978 1155 1125 1198 caussam
1148 1136 1231 1218 apud
1255 1157 1290 1198 se
1314 1135 1341 1198 di

274 1265 347 1308 cere
367 1241 513 1319 iuberet,
541 1261 642 1325 reque
663 1261 708 1302 ex
733 1253 870 1326 utraque
894 1255 987 1326 perta
1010 1242 1139 1318 audita,
1174 1243 1341 1326 pronuntia

325 1425 405 1478 etiem)
416 1431 441 1468 et
453 1422 474 1468 13
529 1423 660 1481 patrioque)
670 1425 753 1480 patrie
768 1437 861 1482 petoque
874 1424 965 1470 PMGR
975 1425 1102 1483 prioreque
1116 1425 1136 1470 is
1223 1427 1259 1470 11.
1277 1425 1318 1478 Τ.)
1335 1423 1341 1468 i

271 1513 352 1546 omnes
390 1501 446 1553 Gn.)
459 1499 507 1544 GL
545 1500 946 1558 emeupruueret)menetporetO
979 1501 1099 1560 pecunius)
1111 1501 1275 1560 prountemh
1309 1515 1341 1558 pn

272 1576 401 1630 nuntiaret)
420 1577 642 1633 pronuntiavere

273 1743 400 1808 erficere,
420 1740 586 1799 OEcereaem
606 1749 635 1799 et
652 1745 766 1798 Liuium
784 1743 824 1798 eie
842 1744 954 1799 dicere:
976 1745 1050 1817 quod
1067 1744 1174 1798 domum
1193 1760 1273 1808 eruce,
1290 1760 1341 1812 gro

273 1842 331 1888 tum
348 1835 417 1889 midi
436 1843 485 1888 eet.
513 1837 544 1889 in
559 1837 667 1890 Manat.
688 1836 732 1892 ed.
750 1841 779 1890 et
795 1837 905 1907 aliquot
920 1837 1053 1907 deinceps
1072 1833 1269 1906 transpositum
1282 1841 1341 1890 erut

267 1929 360 1996 fllium
380 1930 557 1999 percusserit.
592 1926 722 1984 correxit
738 1929 809 1984 Duu.
830 1947 845 1982 e
863 1929 987 2000 quinque
1003 1928 1094 1994 codd„
1113 1929 1200 1982 Gaius
1219 1946 1250 1982 er
1269 1927 1341 1982 omni

273 2024 325 2076 bus
344 2021 413 2077 soie.

339 2111 384 2168 24.
423 2113 457 2168 Τ.
478 2111 652 2186 Torquatus)
684 2115 791 2168 Uerum
809 2130 968 2183 prenomen
990 2113 1117 2184 plurium
1135 2112 1295 2169 coniectura
1314 2130 1341 2166 rc

271 2207 418 2272 stitutum3
438 2224 504 2260 nem
522 2207 604 2260 codd.
626 2207 711 2261 etiem
730 2205 855 2259 eliorum
876 2205 907 2260 11.
943 2207 1061 2260 Constet
1078 2225 1133 2262 non
1152 2208 1243 2262 soiunr
1262 2224 1277 2258 e
1296 2207 1341 2260 Lir

271 2299 338 2370 epit.
357 2299 392 2354 dt
412 2305 440 2353 et
457 2299 523 2355 Uei.
541 2301 617 2352 Max.
639 2300 671 2362 V,
689 2297 719 2362 8,
735 2297 761 2362 3,
781 2297 831 2351 ubi
850 2298 949 2352 eedem
967 2316 1013 2352 rer
1032 2309 1166 2354 narretur
1185 2299 1315 2370 plenius,
1336 2317 1341 2348 ι

269 2389 424 2448 didascolis
446 2393 562 2460 Hecyra
580 2389 768 2454 Terentianae,
786 2388 835 2444 scd
853 2407 868 2442 e
886 2389 1054 2462 fragmentis
1073 2390 1248 2463 Capitolinis.

341 2483 372 2536 D.
394 2481 488 2534 Silano
507 2483 741 2550 emancipoueret)
778 2483 877 2552 itaque
901 2483 976 2551 apud
1002 2483 1113 2537 Liuium
1139 2493 1168 2539 et
1192 2487 1257 2539 Uol.
1283 2487 1342 2542 iiim

269 2572 329 2642 ipse
347 2574 381 2627 1).
401 2573 515 2628 Silenos
540 2575 714 2645 appellatur.
775 2573 895 2644 Proprie
921 2583 1018 2629 entem
1045 2573 1145 2630 Cicero
1171 2576 1258 2642 dixit3
1295 2595 1342 2632 net

270 2665 384 2736 adoptio
403 2667 491 2721 nebat
508 2667 724 2739 mancipatione,
744 2670 825 2736 patre
843 2666 936 2720 fliium
954 2672 998 2720 ter
1018 2667 1231 2738 emancipante,
1250 2669 1286 2720 de
1306 2687 1342 2738 qu

269 2773 350 2812 more
369 2757 425 2812 uid.
446 2758 562 2813 Sueten.
600 2760 661 2813 002.
683 2759 733 2823 ot,
754 2759 829 2812 Geli.
850 2760 882 2823 V,
900 2757 944 2823 19,
965 2758 1029 2813 uui.
1051 2758 1153 2827 1213&
1171 2761 1191 2814 Ι.
1214 2763 1268 2816 uit.
1291 2763 1342 2815 Cor

270 2849 305 2904 de
324 2850 417 2920 adopt.
436 2849 478 2919 (8,
496 2850 544 2919 48)
566 2848 660 2921 etqui
678 2867 710 2904 ex
728 2849 916 2904 hisiontibns
934 2869 995 2904 rem
1015 2859 1217 2921 exposuerunt,
1237 2861 1269 2908 ut
1290 2855 1339 2908 tie

270 2941 383 2997 neccius
398 2942 427 2996 in
446 2942 594 3016 Syutugm.
613 2943 727 3013 Antiqu.
747 2949 769 3008 1,
789 2943 832 3008 11,
851 2941 894 2997 15.
933 2943 1017 3009 Mox,
1036 2943 1087 2997 ubi
1105 2951 1147 2998 cst
1162 2947 1298 3015 pecuniae
1324 2969 1342 3000 cr

267 3036 352 3105 pisse,
370 3035 437 3088 eddi
454 3042 566 3106 poterut
584 3043 680 3088 contro
698 3035 791 3106 legem
816 3037 865 3089 sed
884 3033 1101 3106 undiqueque,
1119 3035 1171 3093 iilo
1191 3037 1296 3093 omisso
1305 3075 1317 3104 ,
1340 3039 1342 3093 i

269 3129 343 3183 hooc
361 3137 471 3199 partem
490 3129 604 3195 dicitur,
626 3135 658 3182 ut
676 3129 760 3182 Uarr.
779 3128 830 3193 111,
848 3127 910 3194 218,
929 3127 993 3184 Isiu.
1011 3129 1117 3197 xliiii,
1136 3128 1162 3185 2.

338 3239 463 3275 censeam
488 3221 574 3291 opud.
591 3237 620 3274 re
644 3221 735 3274 dicere
760 3221 878 3288 inderet)
913 3227 945 3275 In
974 3221 1099 3290 epitomo
1122 3223 1187 3276 Iria.
1214 3229 1342 3276 narratu

269 3329 355 3390 quom
374 3321 489 3370 senetur
505 3331 675 3386 cognoscere
693 3315 801 3379 ueiiet,
819 3316 1001 3384 Torquatum
1021 3313 1122 3382 petiere
1138 3322 1166 3369 et
1183 3315 1342 3386 impetrares

268 3411 302 3458 ut
320 3403 376 3457 eibi
393 3406 518 3476 cognitio
537 3407 738 3472 mandaretur,
756 3403 945 3476 similiterque
964 3407 1040 3475 opud
1061 3407 1227 3472 Ualerium,
1248 3407 1300 3476 qui
1323 3427 1342 3460 et

269 3498 330 3550 ium
351 3514 402 3567 per
423 3502 515 3550 totum
535 3499 654 3552 biduum
677 3497 791 3567 utrique
809 3496 884 3567 perti
907 3513 1026 3552 uacasse
1051 3500 1138 3554 eddit.
1176 3501 1298 3554 flerent
1323 3499 1342 3552 S

269 3586 372 3660 guaiae
387 3594 416 3643 et
435 3588 585 3654 liniretur,
622 3591 697 3659 qued
714 3589 806 3662 legati
824 3595 954 3643 renatum
980 3590 1086 3644 adeunt
1111 3597 1289 3660 renatusque
1319 3609 1342 3643 o

269 3679 401 3752 gniturus
418 3678 506 3733 fuisse
524 3680 645 3745 dicitur,
680 3699 765 3751 quom
784 3679 895 3753 aliquot
913 3681 993 3735 onnia
1010 3689 1077 3736 onte
1094 3684 1137 3751 (a.
1158 3682 1211 3736 lto
1232 3699 1260 3734 a.
1282 3681 1342 3734 Chr

268 3772 334 3845 lege
362 3772 518 3844 calpurnia
544 3772 658 3843 questio
684 3773 719 3826 de
750 3773 877 3844 pecuniis
903 3775 1067 3844 repetundis
1091 3774 1247 3830 constituto
1275 3791 1342 3826 ceso

268 3882 334 3920 narn
353 3863 484 3919 Silanum
504 3864 676 3919 orbiniano
695 3866 819 3936 epitome
837 3865 1016 3938 intellegitur·
1038 3867 1237 3922 Macedonium
1259 3865 1342 3919 rcxis

268 3965 331 4029 poet
347 3961 380 4028 Q.
399 3957 518 4028 Pompei
535 3959 716 4011 consulatum
735 3959 773 4024 (a.
790 3958 863 4026 ltl).
917 3959 1057 4030 Equidem
1080 3977 1115 4014 ne
1136 3965 1220 4014 sntea
1248 3956 1342 4028 quido

267 4057 398 4105 senatum
419 4065 510 4120 oeque
537 4049 573 4101 de
597 4049 762 4119 repetundis
789 4039 881 4122 neque
903 4051 937 4104 de
956 4053 1018 4107 ulio
1038 4049 1096 4106 elio
1116 4051 1236 4105 crimine
1257 4067 1340 4122 cogn

268 4143 343 4196 uisse
363 4151 391 4198 et
413 4143 552 4196 iudicasse
571 4137 713 4205 arbitron
749 4158 842 4212 neque
869 4145 928 4198 sine
946 4145 1012 4216 lege
1040 4143 1104 4199 siiis
1125 4143 1298 4208 mendasse,

268 4241 445 4302 quererent;
478 4233 527 4287 red
546 4233 664 4304 tongum
690 4240 716 4287 st
736 4234 791 4288 irco
817 4243 917 4289 contre
942 4237 1125 4294 Dirtscnium
1153 4235 1342 4304 (Gieiiietiecl

269 4323 498 4397 Abhondiengen
519 4331 550 4390 1,
583 4325 614 4394 2)
641 4325 780 4396 persequi.
835 4327 942 4383 Deinde
969 4328 1084 4400 priuato
1111 4326 1224 4383 homini
1257 4335 1288 4382 et
1323 4346 1342 4380 u
