2848 4888
490 319 727 414 excurrens
754 323 792 386 v.
1124 323 1187 386 sse

90 520 259 586 manumet
283 517 329 572 5⁰.
382 521 408 568 ls
427 521 523 570 nutem
540 517 683 588 scriptor,
717 521 740 571 si
760 529 830 570 uuus
851 514 916 582 init,
934 532 988 570 nou
1008 515 1184 588 Chrysippus

91 621 167 682 luit,
205 627 236 674 ut
255 627 318 690 post
336 619 526 675 Caesennium
545 621 716 690 (introduct.
743 640 769 690 p.
789 619 885 687 xXV)
904 619 1083 676 Petersenins
1102 625 1185 691 putat

89 727 131 794 (p.
151 723 237 791 26⁵),
255 741 426 795 qussuquusu
445 724 597 796 disputatio
617 725 732 780 Cstonis
751 724 863 779 ducitur
881 741 898 778 u
915 723 1052 780 sententia
1071 742 1186 796 prorsus

5 827 7 832 ’
89 829 191 882 eodem
209 830 293 884 modo
312 829 498 900 aChrysippu
510 829 584 900 apud
595 829 750 900 Diogenem
761 827 905 884 tenestem
923 829 1058 900 exposito,
1076 829 1186 882 sedunt

4 933 6 936 ’
87 933 233 1004 Diogenes
241 933 416 1004 Babylonius
439 941 489 990 aut
503 933 606 1005 aliquis
625 932 753 1004 Diogene
768 933 919 997 recentior,
939 933 987 1003 qui
1009 951 1041 986 eo
1060 934 1191 1024 mullum

4 1045 6 1050 '
87 1053 157 1090 usus
176 1043 246 1092 erat.
276 1039 351 1094 Nam
367 1046 395 1093 et
414 1036 465 1092 iliu
486 1037 638 1109 Chrysippi
658 1037 794 1107 expositio
814 1037 911 1107 prima
930 1037 1135 1092 conciliationis
1155 1045 1185 1093 et

87 1158 151 1209 qua
172 1139 230 1196 aliu
255 1141 284 1195 in
303 1143 359 1198 hoc
377 1143 452 1196 lihro
477 1143 513 1196 ad
541 1140 693 1213 Chrysippi
718 1139 915 1197 auctoritatem
936 1141 1040 1196 reterri
1057 1149 1184 1212 possunt,

85 1251 120 1298 ut
145 1261 206 1316 que
223 1247 237 1314 t
257 1244 292 1299 27
311 1255 339 1302 et
356 1246 391 1302 ld
411 1252 439 1300 et
458 1246 522 1300 tilet
539 1245 575 1300 73
588 1245 730 1311 dicuntur,
749 1251 809 1300 tusa
828 1261 872 1307 ea,
891 1245 921 1299 in
939 1246 1040 1317 quihus
1056 1246 1117 1316 ipse
1136 1247 1183 1302 ci-

84 1366 153 1403 cero
175 1349 326 1421 Chrysippi
344 1367 444 1405 nomeu
464 1350 597 1415 ascribit,
620 1351 681 1420 §57
702 1352 730 1402 et
749 1349 793 1414 ts,
812 1349 872 1402 sine
891 1348 975 1404 dubio
995 1351 1182 1426 aChrysippo

85 1457 116 1506 et
134 1454 287 1509 udoeteros
297 1453 369 1508 etad
389 1455 548 1508 auditorem
567 1453 627 1507 eins
636 1454 793 1523 Diogenem
803 1461 960 1523 propegsts
978 1461 1053 1520 suot,
1062 1473 1145 1526 quem
1153 1457 1183 1512 iu

83 1556 183 1626 priore
197 1557 259 1611 loeo
278 1558 377 1614 Cicero
395 1557 455 1629 ipse
463 1557 621 1629 Chrysippo
640 1556 781 1628 adiungit.
799 1556 956 1624 Diogenem
967 1567 1062 1614 autom
1082 1561 1182 1617 Cicero

85 1669 116 1714 et
124 1659 153 1714 iu
163 1677 197 1716 es
208 1678 249 1729 re,
267 1662 296 1716 iu
317 1678 373 1732 qua
390 1660 581 1731 discrepantia
600 1662 697 1730 ulique
719 1660 878 1716 Stoicorum
898 1669 969 1726 oret,
987 1662 1181 1734 insequitur,

84 1771 118 1818 ut
144 1781 209 1818 eum
227 1765 328 1820 ducem
354 1765 474 1837 elegisse
491 1766 622 1820 uidentur
638 1767 664 1834 (l
684 1765 748 1834 aa),
783 1772 811 1818 et
828 1765 889 1820 eius
906 1765 942 1818 ds
966 1765 1133 1822 diuitiarum
1153 1770 1181 1824 ui

84 1868 257 1924 sententiam
276 1870 316 1924 ita
333 1870 511 1926 incommodo
528 1872 592 1925 loco
611 1869 698 1940 (lew)
715 1868 880 1938 interponit,
899 1869 986 1923 utuix
1006 1870 1034 1925 id
1053 1872 1181 1928 tacturus

84 1972 175 2026 inisse
193 1973 341 2042 uideatur,
380 1974 433 2029 nisi
458 1975 518 2029 eius
547 1973 652 2028 lihsum
671 1972 698 2026 in
725 1972 856 2026 munihus
875 1971 1023 2028 habuisset
1040 1981 1068 2030 et
1087 1995 1120 2030 ex
1147 1995 1180 2032 co

81 2079 179 2131 suuits
202 2077 394 2148 excerpsisset.
430 2079 506 2134 'l'usu
521 2095 555 2132 ee
572 2094 638 2148 pars
656 2075 864 2145 disputationis,
883 2093 939 2146 qua
957 2079 1105 2149 exponitur
1124 2081 1180 2135 dit-

83 2180 212 2236 iereutia
238 2181 434 2254 Peripatetiee
468 2189 496 2236 et
528 2181 630 2236 Stoica
656 2180 802 2235 sententia
833 2181 861 2250 (l
888 2165 926 2234 41Ι
947 2183 1021 2252 sqq.)
1052 2185 1103 2238 etsi
1129 2187 1181 2240 do·

81 2294 185 2357 gossia
203 2286 291 2341 habet
302 2287 426 2350 omninno
445 2287 615 2352 Stoicorum,
634 2291 729 2340 temen
748 2285 870 2339 turmam
884 2285 993 2339 hahere
1011 2288 1126 2343 uidetur
1142 2293 1179 2344 sb

81 2389 202 2460 aliquo,
238 2388 367 2462 quicum
389 2392 546 2456 Carneade,
582 2397 614 2445 ut
631 2389 788 2461 Diogenes,
828 2395 878 2444 sut
896 2397 958 2460 post
983 2408 1048 2446 cusu
1067 2393 1179 2450 uixerit.

81 2495 127 2550 Ne
145 2493 218 2550 iilud
241 2495 353 2566 quidem
372 2496 643 2568 pretermittendum
661 2501 704 2560 st,
724 2494 797 2565 quod
817 2494 852 2548 ud
871 2495 885 2563 5
903 2493 939 2546 22
957 2495 1122 2552 adnotatum
1142 2504 1179 2565 st,

80 2599 250 2655 Ciceronem
272 2617 335 2655 eam
353 2601 508 2654 termulum
526 2599 629 2653 summi
648 2595 715 2653 boni
747 2615 969 2664 conmemorare,
990 2618 1051 2669 que
1069 2602 1106 2654 sd
1120 2603 1179 2656 du·

81 2705 241 2774 stpntrnm,
261 2703 395 2775 Diogenis
413 2705 599 2776 discipulum,
617 2705 760 2766 retertur,
778 2703 827 2755 sed
845 2704 882 2758 ah
900 2703 960 2774 ipso
980 2703 1106 2776 Diogene
1124 2724 1179 2760 nou

80 2809 223 2862 abhorret
247 2809 315 2875 (eir.
332 2809 367 2863 ud
388 2812 427 2874 V,
444 2809 504 2875 20).
542 2809 622 2877 Quod
642 2815 737 2861 antem
759 2808 772 2876 5
791 2807 827 2860 57
845 2824 908 2872 cos,
927 2808 976 2878 qui
994 2818 1056 2879 post
1074 2809 1181 2881 Dioge·

80 2929 150 2964 nem
172 2911 306 2978 luerunt,
327 2912 437 2966 Stoicos
457 2919 659 2978 conmemorat,
679 2915 792 2982 poteret
809 2911 956 2981 pertnette,
976 2911 1029 2966 etsi
1041 2912 1070 2966 in
1089 2913 1180 2968 suisti·

79 3017 158 3072 liure
177 3016 398 3071 uniuersihuius
416 3015 483 3070 lihri
500 3023 669 3088 argumento
687 3015 843 3086 Diogenem
863 3021 911 3069 unt
930 3015 1054 3086 ntiquom
1073 3016 1178 3086 Dioge-

77 3122 123 3176 nis
144 3123 317 3175 sectuturesn
337 3121 437 3175 ducem
465 3121 602 3186 heberet,
637 3128 731 3174 tomen
751 3139 784 3174 ex
803 3121 928 3176 Punoetio
949 3128 1000 3174 out
1017 3118 1179 3186 Posidonio,

76 3243 202 3299 quorum
224 3225 330 3296 scriptu
354 3226 446 3295 magis
465 3224 604 3286 triuerat,
623 3221 782 3278 hssirssmodi
809 3223 935 3293 aliquem
953 3223 1122 3278 seutentiam
1142 3227 1177 3279 do

76 3327 179 3402 gloria
199 3333 228 3383 el
247 3331 326 3382 ternu
343 3329 456 3384 addere.
495 3328 551 3381 Sed
567 3328 630 3381 siue
642 3325 796 3398 Diogenem
817 3325 877 3380 siue
895 3326 996 3389 ulium,
1014 3326 1075 3382 siue
1092 3347 1179 3386 unum

75 3434 142 3491 sisse
164 3432 257 3505 pluris
266 3433 364 3488 Cicero
385 3433 413 3486 in
432 3433 487 3486 hoe
506 3431 580 3486 libro
592 3431 899 3502 conponendosecutus
918 3437 968 3496 est,
987 3432 1101 3489 uidetur
1121 3435 1179 3490 insu

75 3539 140 3602 ihi,
161 3535 238 3590 unde
258 3536 409 3591 materiam
425 3535 555 3605 sumpsit,
575 3553 620 3590 res
638 3535 678 3589 its
703 3541 839 3590 tractatas
856 3535 1025 3607 repperisse,
1045 3541 1179 3610 quemsd-

75 3643 202 3698 modum
230 3641 304 3710 opud
331 3639 441 3694 Stoicos
472 3639 641 3710 posteriores
676 3640 784 3693 luctum
814 3639 956 3695 interdum
974 3647 1018 3704 st,
1057 3644 1089 3695 ut
1116 3659 1179 3698 eas-

77 3749 147 3800 dem
169 3745 298 3798 notioues
317 3743 445 3814 pluribus
467 3745 557 3797 suedis
576 3743 748 3797 constituere
767 3750 795 3799 et
812 3746 980 3799 coniirmare
998 3749 1179 3814 conarentur,

77 3850 193 3921 purtim
211 3847 297 3902 totius
315 3847 466 3919 discipline
484 3853 653 3918 perpetuum
666 3848 745 3918 quusi
763 3855 889 3902 tenorem
901 3855 1056 3920 sequentes,
1074 3851 1179 3920 partius

77 3960 320 4025 argumentorum
349 3950 577 4005 conclusionibus
602 3953 755 4022 seperatim
780 3953 815 4005 ud
842 3968 982 4024 qsrnmqua
1008 3955 1178 4010 sententium

78 4055 252 4130 excogitstis
273 4065 442 4128 pugnantes,
460 4057 533 4109 unde
554 4055 638 4109 lucile
658 4056 720 4109 tieri
739 4061 869 4126 poteret,
894 4064 924 4110 ut
942 4063 971 4111 et
988 4059 1086 4128 sepius
1105 4078 1179 4131 que·

77 4165 148 4216 dam
169 4159 335 4214 dicerentur
353 4160 413 4213 iere
428 4160 527 4214 eudem
547 4164 576 4214 et
593 4158 737 4214 sententia
754 4161 925 4215 coherentes
937 4161 1066 4215 nonnihil
1086 4163 1179 4218 diuel-

77 4269 224 4321 lerentnr.
261 4263 432 4318 Huiusmodi
457 4263 531 4328 enim
549 4262 657 4334 reliquid
677 4261 810 4317 eccidisse
835 4263 864 4317 in
891 4279 924 4318 ea
939 4271 1020 4334 purte
1040 4267 1124 4321 huius
1142 4270 1178 4322 li·

78 4371 140 4436 hri,
154 4367 205 4422 uhi
225 4367 332 4422 honum
353 4375 380 4423 et
400 4367 489 4422 uirtus
512 4374 539 4422 ct
558 4369 621 4422 linis
639 4367 827 4434 constituitur,
841 4375 868 4424 el
885 4369 1109 4442 significuuiusus
1127 4375 1178 4438 (nd
