2788 4886
279 294 320 356 lo
619 287 679 353 DE
701 284 878 357 PINIBUS
901 287 1004 355 Bon.

280 509 299 552 a
322 484 505 569 Chrysippo
528 486 795 565 praetermissum
825 486 860 548 in
891 484 1034 550 Stoieia'l
1077 484 1254 572 Legimus
1279 496 1337 549 tan

280 592 477 678 Diogenem,
499 587 723 676 Antipatrum,
747 590 993 672 Mamercinum,
1016 591 1243 672 Panaetium,
1268 593 1337 656 mul

281 697 423 776 aiios,in
438 697 617 781 primisque
640 697 839 764 familiarem
853 710 1000 763 nostrum
1012 698 1250 764 Posidonium.
1278 697 1337 775 Qu}

334 863 471 918 Panaetium)
481 875 529 908 om.
540 863 559 907 c

280 1002 380 1060 cinero
406 1001 475 1058 dicit
499 1002 715 1074 intellegendam
743 1012 786 1072 et,
824 1004 854 1060 id
881 1006 973 1078 potine
999 1023 1063 1062 eum
1093 1024 1126 1062 eo
1146 1005 1325 1078 ‘conparari

280 1098 341 1162 iret,
361 1095 436 1170 quod
453 1093 524 1150 alibi
541 1095 628 1163 dieii,
667 1097 796 1168 intellegi
815 1099 896 1166 licet,
931 1115 1015 1171 qaam
1033 1117 1098 1154 enm
1120 1117 1176 1166 eo,
1214 1098 1297 1169 quod
1324 1095 1334 1150 i

280 1189 368 1255 aiibi,
395 1189 525 1260 intellegi
539 1205 651 1244 neaerae
668 1197 712 1256 et,
729 1197 761 1246 ut
780 1189 878 1248 Cicero
898 1192 1028 1264 intellegi
1049 1191 1123 1248 uelit
1139 1207 1178 1246 ac
1200 1191 1321 1244 iubeat·

281 1281 314 1336 iia
333 1281 421 1348 lucie,
439 1279 467 1335 in
486 1281 588 1354 quibua
606 1283 738 1337 Bremine
759 1285 788 1337 el
806 1283 951 1358 Zumptiue
971 1287 995 1354 (5
1013 1283 1081 1352 oet)
1098 1283 1181 1350 eine,
1204 1283 1288 1354 quod
1308 1279 1338 1350 lie

280 1375 386 1440 iacere,
401 1371 638 1445 rignidcatiouem
657 1391 717 1430 erae
737 1381 838 1446 putant
856 1375 918 1445 (iric
936 1377 973 1444 il,
990 1379 1036 1446 77,
1056 1375 1108 1442 111,
1123 1379 1152 1442 7,
1173 1375 1237 1430 offl
1259 1375 1273 1427 i
1282 1413 1291 1439 ,
1313 1367 1338 1425 li

279 1467 364 1522 eimui
384 1465 572 1537 aignitiratnr,
592 1467 658 1537 quid
680 1472 790 1522 reetnm
807 1467 845 1524 ait
866 1473 894 1522 et
912 1469 1029 1536 deceat3
1065 1485 1158 1541 neque
1180 1467 1279 1522 aliter
1299 1481 1338 1517 art

280 1559 374 1623 debet,
392 1558 465 1630 qnod
483 1563 495 1610 1
511 1559 621 1614 Turul
639 1560 747 1633 iegitur
767 1562 835 1628 (nun
852 1590 885 1602 -
904 1567 968 1615 eant
986 1561 1179 1628 conserenda).
1219 1558 1280 1612 Sed
1304 1573 1338 1627 qu

280 1651 387 1723 aliquid
426 1651 576 1706 terendam
610 1670 670 1708 erae
696 1651 758 1706 niro
784 1653 865 1719 dico,
901 1655 949 1707 aie
975 1655 1124 1720 serentium
1149 1649 1289 1723 primum
1324 1665 1338 1698 o

281 1743 356 1814 qaod
383 1742 429 1796 uir
458 1743 595 1812 postulari
620 1762 638 1800 a
663 1761 806 1820 quoquam
835 1747 946 1816 puteat,
985 1753 1018 1800 ut
1036 1747 1112 1801 ierat
1130 1743 1200 1814 (ute
1219 1741 1338 1819 quodsi

281 1835 407 1904 deiende
442 1835 511 1889 hine
536 1843 632 1892 autem
660 1855 812 1910 proxumae
844 1835 979 1893 tramitae
1007 1844 1050 1892 eet
1077 1837 1112 1891 ed
1139 1835 1189 1904 id,
1236 1833 1314 1906 quod

271 1928 350 1991 ‚terri
377 1927 483 2000 poerit,
518 1928 743 1999 significandum.
787 1931 888 2002 itaque
909 1947 965 1985 unu
990 1931 1084 1984 aelam
1102 1929 1199 1984 cerer
1220 1934 1252 1982 et
1274 1927 1338 1979 corr

280 2021 337 2076 liae
369 2021 462 2092 Nepae
493 2022 605 2077 unllam
636 2023 768 2078 timenter
802 2023 1019 2094 ambiguitatem
1051 2021 1093 2077 eie
1128 2021 1289 2080 dixerunt»
1333 2035 1338 2068 ¹

281 2114 446 2168 eredendum
464 2129 541 2180 eree,
578 2115 626 2170 aed
655 2116 754 2171 eodem
772 2118 856 2172 modo
876 2117 974 2171 cicero
992 2117 1062 2185 (iv,
1096 2113 1146 2184 68)
1174 2115 1312 2170 dolorem
1337 2133 1338 2154 ι

282 2207 320 2263 cit
344 2225 472 2277 arperrnn
489 2213 516 2260 et
540 2207 588 2260 nia
608 2209 756 2274 serendam
773 2215 801 2264 et
827 2209 892 2281 (pro
917 2207 995 2263 Cael.
1015 2207 1065 2278 87)
1084 2215 1181 2280 patrea
1207 2189 1324 2260 ierreoa

281 2300 329 2353 reia
355 2299 497 2364 serendae.
542 2299 598 2353 Sed
624 2300 656 2353 iri
682 2318 779 2356 numer
805 2302 834 2355 iu
859 2303 914 2356 imo
940 2317 996 2358 una
1021 2302 1115 2356 ioema
1137 2299 1220 2368 (aix)
1242 2289 1338 2352 eubatit

282 2397 358 2457 runt,
378 2391 406 2445 in
424 2409 479 2444 non
492 2391 628 2456 serendae
645 2392 863 2463 ambiguitatem
880 2393 1019 2457 uitaruut,
1039 2411 1092 2448 uec
1107 2393 1143 2447 ad
1161 2392 1241 2447 illud
1269 2388 1338 2450 uix.

281 2484 384 2537 rendae
402 2481 552 2554 quicquum
571 2481 756 2551 addiderunt,
774 2503 830 2558 quo
849 2485 939 2558 magia
958 2486 1094 2542 emineret
1116 2481 1270 2558 poteetatia
1292 2467 1339 2548 aigi

281 2573 387 2638 ficatio,
407 2579 438 2628 ut
457 2589 475 2627 a
496 2573 609 2629 Uelleio
630 2576 667 2642 ii,
686 2576 722 2632 id
738 2577 874 2648 aeriptum
892 2585 933 2634 et:
952 2596 998 2633 ree
1015 2579 1064 2632 oie
1081 2579 1177 2632 matilia
1194 2569 1339 2631 uoluntati

282 2666 454 2720 enarranda.
508 2667 617 2720 Deinde
642 2673 736 2722 autem
763 2671 1002 2741 aperturiueibua
1023 2669 1127 2726 dictam
1146 2673 1173 2726 at
1198 2669 1293 2724 etiem
1314 2683 1339 2716 m

284 2759 446 2824 cernendae,
465 2777 518 2812 nen
527 2762 746 2830 cognoeeeudne,
756 2762 791 2816 de
801 2779 845 2830 eo,
865 2763 1178 2835 quicernieoguneoiue
1196 2779 1259 2817 uon
1278 2773 1339 2832 poet

282 2852 358 2923 quod
370 2869 460 2924 genna
478 2851 600 2907 Ouidiua
621 2853 729 2925 primur
747 2855 950 2926 frequentauit,
967 2873 1034 2911 raro
1054 2857 1150 2910 tumea
1168 2855 1232 2922 eiu,
1265 2859 1297 2909 ut
1316 2865 1339 2902 ct

282 2946 372 3002 uerbo
391 2962 450 3000 erae
467 2945 652 3016 coniungeret
671 2949 803 3017 (Metam.
823 2949 905 3015 vni,
938 2947 1015 3016 785).
1072 2949 1105 3002 in
1126 2945 1216 3002 aienti
1236 2951 1339 3002 tentent

283 3039 378 3110 poenit
395 3038 424 3093 iu
441 3040 517 3095 Fari.
536 3040 583 3103 Vl,
599 3039 668 3094 tao:
690 3041 825 3096 continua
851 3041 969 3111 Delphin
986 3047 1066 3096 necte
1082 3041 1222 3095 uidendae
1235 3039 1291 3094 erit
1309 3033 1339 3102 (i

283 3133 421 3203 geuetaud
447 3131 498 3186 der
518 3133 738 3207 Retraclrtung).
791 3135 881 3190 Prona
905 3134 997 3191 oratio
1024 3134 1072 3191 uei
1098 3135 1196 3204 portua
1223 3123 1339 3188 modoad

283 3225 339 3279 init
358 3225 386 3279 iu
407 3225 463 3280 hoo
480 3243 543 3282 neo.

354 3316 559 3382 Mneeureleann,
579 3317 750 3390 Penatium)
767 3319 852 3385 Mire,
872 3335 958 3390 quom
975 3319 1004 3374 in
1024 3317 1125 3376 euteria
1147 3325 1339 3389 temporumt

284 3405 378 3460 dinem
397 3409 426 3460 et
444 3409 596 3480 dianipliue
613 3418 772 3478 eeruueeet,
808 3412 889 3481 (uam
906 3412 1053 3484 Cirrpeeipi
1078 3411 1223 3483 Diogenen
1250 3401 1339 3474 Baby]

283 3495 361 3563 niue,
379 3498 463 3553 iauiua
480 3501 629 3574 Antipater
646 3504 795 3561 Tareeueie
813 3505 927 3560 auditor
945 3505 1072 3573 iuerat),
1111 3504 1141 3558 iu
1166 3502 1212 3557 iria
1239 3501 1336 3555 innert

284 3604 350 3645 nem
368 3592 553 3649 itinerarium
572 3596 729 3650 Penatium
757 3597 907 3662 audierat,
943 3603 1005 3668 poet
1031 3613 1114 3668 quem
1134 3595 1254 3650 Athenin
1283 3592 1339 3645 doct

285 3685 336 3752 (de
353 3685 432 3739 Orat.
450 3690 482 3750 1,
508 3687 553 3754 dli,
571 3687 658 3741 Acad·
677 3689 713 3755 il,
731 3689 794 3758 dP),
813 3690 954 3746 Pouetim
966 3689 1158 3763 Antipatrum.
1210 3690 1271 3742 dut
1289 3681 1339 3753 igit

251 3853 254 3860 ⁴
285 3776 385 3835 Cicero
404 3778 603 3851 neglegentiae
619 3780 732 3854 arripnit
749 3784 800 3838 aut
817 3783 932 3838 nomiae
949 3781 1120 3856 teanepmita
1136 3787 1219 3848 auat,
1237 3785 1270 3834 ut
1290 3771 1339 3830 Gal

283 3878 373 3943 putat.

348 3965 520 4033 familiarem
536 3971 660 4018 noetrona
679 3964 869 4038 Paridoninm)
889 3969 964 4024 Eum
983 3968 1083 4024 Cicero
1109 3967 1222 4023 uiderat
1241 3971 1269 4022 el
1295 3975 1339 4016 ⁰¹¹¹

284 4065 366 4111 uerat
382 4058 477 4114 Rhodi
496 4059 597 4128 (aare.
614 4057 652 4123 ΙΙ,
672 4057 718 4126 61,
737 4061 772 4114 de
790 4061 824 4115 N.
844 4060 878 4115 ll.
896 4067 919 4126 1,
937 4063 970 4128 ii,
990 4061 1137 4118 Piutureir.
1156 4061 1216 4116 cic.
1235 4061 1277 4126 d).
1319 4051 1339 4104 U

284 4157 366 4203 uerat
385 4152 471 4206 etiem
489 4155 611 4208 Romam
629 4150 705 4206 cirea
731 4153 762 4207 G.
788 4154 862 4208 diui-i
881 4161 1011 4210 mortem.
1031 4155 1124 4220 (Satri.
1140 4171 1169 4209 ιι.
1188 4143 1339 4211 nouando«

283 4235 431 4386 Piptpretr.
450 4246 523 4303 dtur.
541 4245 599 4317 ⁴5).
634 4245 678 4302 Ad
695 4261 761 4300 eum
779 4244 878 4304 Cicero
897 4253 961 4318 poet
977 4249 1155 4306 comulatam
1171 4247 1284 4306 litterar
1298 4234 1339 4297 mi

284 4335 315 4399 (a
379 4339 410 4390 tt.
431 4336 468 4402 it,
486 4343 521 4408 1).
