2720 4878
250 284 310 344 128
597 273 657 338 DE
680 269 856 340 FlNlBUS
879 269 981 337 Bon.

250 485 375 540 ternum
403 479 462 536 aut
490 469 677 534 diuturnum
702 475 832 534 cineret
862 469 1001 546 nolunt,
1044 486 1129 552 puae
1152 473 1322 552 perspexit

251 586 287 644 in
314 577 373 642 doc
403 583 473 660 ipm
503 583 595 640 uitae
622 582 728 661 spatio
758 579 927 638 amicitiae
951 573 1154 658 praesidius·
1185 593 1258 636 erre
1276 571 1322 648 fir

252 691 442 750 iniciuntur.
489 685 542 746 ω.
565 684 649 748 Sunt
683 695 792 746 autem
814 679 943 765 quidam
973 679 1127 766 Epicurei
1158 679 1322 741 timidiora

251 788 363 878 paullo
389 801 500 855 contra
521 800 632 852 nostra
655 789 815 866 conuicia,
840 784 899 849 sed
923 798 1032 848 tomen
1055 787 1135 850 ratis
1158 789 1263 864 acuti,
1287 807 1322 870 qu

251 907 428 974 uereutar,
457 915 517 974 ne,
563 896 591 958 si
616 896 791 958 amicitiam
814 903 946 978 propter
968 906 1110 957 nostram
1135 891 1322 974 uoluptaten

253 1003 471 1089 expetendam
496 1013 667 1083 putemus,
702 1012 770 1064 tota
793 985 938 1062 amicitia
962 1001 1054 1083 quari
1079 997 1267 1062 claudicare
1294 999 1322 1058 ui

253 1109 377 1173 deatur.
443 1107 557 1194 ltaque
598 1109 719 1193 primos
757 1123 953 1190 congressos
987 1103 1279 1190 copulationesque
1309 1125 1322 1162 e

254 1215 524 1280 consuetudinum
561 1212 834 1278 instituendarum
872 1207 1061 1274 uoluntates
1096 1207 1169 1273 fieri
1210 1225 1322 1295 propte

308 1405 435 1465 perspexit>
446 1419 527 1463 prosp.
542 1407 564 1451 Β
588 1407 663 1464 ,Ιηεο)
678 1419 720 1451 om.
736 1405 756 1450 1.
816 1405 851 1450 ti.
866 1405 947 1448 nostre
960 1401 1074 1457 conuicia)
1089 1404 1207 1448 conuicia
1223 1397 1322 1446 nonrol

254 1483 294 1541 qui
307 1483 429 1536 serentur)
439 1483 518 1527 omli
560 1482 734 1537 comitilia
777 1482 917 1534 noluntates)
931 1491 975 1524 om.
988 1478 1030 1522 80
1045 1479 1200 1534 astumatum
1216 1479 1285 1524 run
1314 1487 1322 1522 t

255 1581 282 1592 -
303 1559 443 1611 noluntates)
465 1565 489 1602 et
513 1559 705 1602 conruerudineo
726 1560 937 1604 instituendorum
950 1557 1119 1601 amicitiarum
1134 1557 1322 1601 comectadinut

256 1636 466 1680 inatitusniarunr
479 1633 667 1691 uotuprarunt.
743 1631 749 1638 “

257 1800 348 1872 φιλίαν
366 1798 484 1872 μάλιστα
501 1821 620 1857 metuunt
636 1799 852 1872 συντελουμένην.
883 1801 951 1868 (Pro
968 1819 1134 1855 νσσεενσε
1150 1796 1238 1852 Gaius
1254 1799 1322 1850 alio

257 1894 317 1949 tirio
333 1893 447 1950 actutu·
465 1892 576 1963 scripsit
594 1891 712 1950 κατιδεῖν
728 1893 813 1960 εἶναι,
852 1895 928 1967 quod
948 1893 1119 1948 Haebneras
1137 1889 1262 1960 recapit?
1294 1890 1322 1940 (ἲν

257 1986 329 2051 buit,
349 1993 381 2040 ot
397 1987 515 2058 adparet
533 2003 565 2039 er
586 1986 729 2040 ciceronio
747 1985 989 2057 interpretatione,
1007 1981 1136 2040 κατεῖδεν.
1164 1983 1237 2036 Nam
1248 1977 1322 2050 θᾶροο

258 2079 385 2134 colicitat·
404 2097 436 2133 ex
456 2077 611 2144 sententia,
637 2079 774 2133 uiderent
792 2079 819 2134 in
838 2079 900 2149 ipse
917 2077 1076 2140 sententiar
1101 2075 1150 2132 'sed
1169 2075 1240 2130 εῙνσε
1255 2091 1322 2130 oman

258 2170 386 2242 λουμένην
405 2189 455 2242 pro
475 2168 662 2226 συντελεῖσθαι
681 2172 797 2241 probari
806 2189 859 2224 non
867 2178 960 2242 potest
970 2187 1020 2224 nec
1029 2167 1161 2237 coniungi
1170 2165 1258 2238 oritur
1266 2165 1322 2220 οἶνον

259 2269 291 2316 at
314 2265 433 2318 addatur
457 2279 584 2315 scorsum
603 2260 809 2331 συντελουμένην
825 2263 924 2332 <quom
943 2260 1129 2332 perficiatur).
1184 2260 1239 2314 dat
1256 2259 1322 2330 igitur

259 2371 321 2408 com
347 2371 462 2408 censore
485 2351 616 2422 quodem
630 2353 811 2407 scribendum
849 2352 925 2424 φιλίη
949 2383 983 2394 -
1007 2349 1111 2408 κατεῖδε
1143 2353 1322 2420 συντελουμέυο

259 2452 310 2500 eut
335 2445 425 2515 potius
452 2442 531 2513 φιλίᾳ
547 2474 581 2484 -
599 2442 743 2514 κατενόησε
764 2444 975 2515 συντελουμένην.
1030 2446 1097 2499 ono
1116 2446 1207 2498 multo
1224 2444 1257 2497 de
1276 2441 1322 2496 Dio

259 2537 339 2608 genis
360 2534 586 2600 tornicantur,
621 2542 653 2588 nt
678 2537 922 2608 transpositionem
944 2554 962 2591 a
981 2537 1136 2592 dleibomio
1162 2536 1264 2592 iactam
1291 2539 1322 2604 prt

260 2628 388 2684 codicum
414 2627 555 2697 scripturo
578 2627 715 2695 haberet,
752 2629 881 2682 codicum
899 2630 1069 2700 scriptorem
1089 2627 1253 2699 corrigendo
1269 2625 1322 2678 erre

260 2727 335 2774 clam
354 2719 491 2789 potaret.)
516 2719 641 2772 Eandem
660 2711 827 2774 sententium
845 2721 983 2791 Epicurus
1001 2723 1129 2792 appellat
1148 2722 1262 2774 eandem
1281 2714 1322 2789 phi

261 2809 430 2883 lotophondi
448 2807 588 2864 rationem
608 2819 636 2865 et
653 2811 775 2882 primaru
793 2814 981 2874 sententium,
1017 2829 1135 2884 eamque
1158 2819 1232 2866 recte
1254 2807 1322 2881 potuit

260 2905 354 2958 dicore
370 2903 528 2972 perspicere
547 2903 676 2974 eliquit,
711 2903 738 2958 in
760 2921 815 2975 quo
834 2906 1002 2976 turpissume
1031 2905 1117 2961 Gaius
1141 2912 1168 2960 et
1189 2905 1254 2958 Otto
1272 2895 1322 2970 npt

260 3004 333 3052 sunt.

330 3089 374 3144 69.
412 3089 509 3160 ltaque
524 3089 628 3156 primos
649 3089 826 3157 congrcrsur)
865 3089 968 3144 Durior
987 3091 1016 3144 lr.
1045 3092 1066 3144 l.
1089 3089 1226 3145 omittitur
1249 3087 1322 3141 dicunt

262 3183 376 3254 eiusque
394 3179 563 3252 significatio
581 3179 686 3249 petitur
711 3197 744 3234 ox
760 3182 906 3251 superiore
924 3190 1072 3248 uacaturr
1109 3201 1174 3238 nam
1199 3181 1237 3234 sic.
1254 3181 1322 3250 itoput

263 3275 296 3328 od
318 3291 378 3326 rem
398 3273 487 3343 ipram
508 3279 536 3326 et
556 3272 718 3343 argumenti
738 3275 945 3329 conclusionem
970 3275 1095 3347 aliquem
1114 3275 1251 3345 pertinere
1269 3273 1322 3327 uite

263 3373 319 3428 tur,
337 3381 421 3433 quom
440 3364 476 3416 ed
496 3364 629 3418 omissum
647 3366 721 3418 illud
736 3367 830 3419 dieunt
849 3366 998 3434 pertineat.

335 3460 360 3506 et
382 3455 605 3508 consuetudinum
622 3457 853 3511 inrtituendurunr
870 3459 1038 3521 uoluntates)
1073 3457 1167 3512 Halae
1191 3457 1246 3510 loci
1265 3451 1322 3510 ronti⁴

264 3545 334 3602 tutio
353 3546 471 3597 debetur
493 3545 553 3598 Pol.
572 3546 603 3611 1,
639 3565 720 3618 quem
740 3550 878 3604 Gruterus
895 3557 1005 3604 rocetos
1024 3556 1082 3614 cst,
1118 3556 1147 3604 et
1164 3549 1253 3620 mgini
1270 3551 1322 3604 drot

264 3639 358 3692 Codex
375 3635 478 3692 Moreli
497 3653 554 3690 uns
572 3637 669 3692 littera
688 3642 804 3695 aberrat
825 3643 1010 3711 (uoluptates,
1042 3642 1144 3696 mendo
1163 3645 1322 3714 peruagatoll

264 3731 323 3784 Eri.
337 3728 385 3783 lric
406 3729 587 3798 neglegentia
608 3729 709 3785 librari
727 3734 886 3802 uoluptates
895 3734 1048 3788 emittentis
1057 3743 1204 3804 corruptus
1212 3742 1262 3790 eus
1287 3737 1322 3786 De

265 3821 381 3878 tariores
400 3822 553 3884 oberrant,¹
589 3829 615 3874 ct
633 3822 725 3876 omitti
744 3832 857 3880 notatur
872 3827 901 3878 in
919 3829 1002 3897 pr,
1037 3825 1066 3880 iu
1092 3825 1205 3880 Gruteri
1223 3817 1322 3882 notari

263 3917 337 3970 lianc
357 3931 455 3968 uocem
473 3931 528 3968 uon
547 3914 709 3968 adtenditur
716 3935 726 3980 ,·
756 3923 814 3970 tum
836 3919 1010 3986 uoluptatum
1031 3937 1082 3989 pro
1100 3919 1252 3972 :uoluntates
1270 3915 1322 3972 Pru

265 4008 361 4074 ceteri,
382 4009 451 4063 Orx.
470 4022 525 4076 χψῑ
545 4006 675 4060 Daumius
695 4015 803 4062 tanturm
820 4027 850 4062 se
866 4010 928 4064 l’ol.
950 4013 965 4063 l
984 4011 1063 4082 sequi
1083 4011 1166 4074 dicit,
1200 4009 1280 4064 Gallu
1296 4017 1322 4060 tu<

266 4106 318 4152 cet.
354 4101 471 4152 Ueteres
491 4097 628 4160 editores,
667 4099 759 4154 nereio
779 4117 796 4154 a
814 4120 869 4172 quo
888 4111 1016 4174 tempore
1038 4104 1083 4170 (Ρ.
1102 4104 1225 4168 Merene,
1256 4097 1322 4160 crat-l

266 4203 354 4256 usque
373 4191 408 4244 ud
427 4191 582 4245 Gruterum
599 4189 777 4247 scribebantr
798 4197 1038 4265 copulationesque
1053 4195 1277 4256 consuetudinum,
1294 4193 1322 4242 tr·

266 4280 468 4334 stitucndorurn
488 4281 669 4339 anniciorum
683 4285 753 4352 ficri
769 4283 821 4338 tro.
