2728 4878
319 287 378 356 ΕΤ
402 287 511 356 MAL.
535 287 618 354 LlB.
642 291 656 354 l
681 289 775 358 cde.
799 295 849 357 15.
1091 299 1135 360 tn

61 489 108 553 sed
126 491 183 552 istu
205 489 390 574 sequimur,
407 509 410 516 ·
427 500 462 550 nt
484 489 555 550 sine
580 509 657 551 euru
681 503 832 575 metuque
857 490 1024 568 trinomen,
1063 493 1134 554 uui-

63 617 193 681 mumque
215 607 247 658 et
271 614 410 680 empne,
434 607 589 679 quantum
615 592 752 659 eofieere
776 597 959 682 possimne,
981 596 1133 663 molestie

61 701 228 766 liberemus.
297 699 342 766 Ut
371 703 459 798 euim
493 701 607 764 mortis
640 713 729 764 metu
757 704 863 766 omnis
894 705 1023 788 quietae
1044 707 1131 770 uitne

41 825 148 872 -rtetne
173 805 402 894 perturbetur,
451 819 484 870 et
512 818 548 868 nt
579 803 790 872 succumbere
821 807 988 872 doloribus
1011 832 1132 897 eosque

61 916 158 980 hunrili
180 916 289 978 enimn
311 911 533 998 inbecilloque
555 914 641 976 serre
665 915 819 977 miserum
842 927 891 992 ut,
928 915 970 979 ob
996 938 1132 1004 eamque
1237 989 1245 994 ,

60 1021 243 1086 debilitatem
269 1021 371 1085 enimi
396 1017 492 1082 multi
514 1033 687 1106 pereutere,
708 1020 802 1084 multi
825 1024 959 1101 amiens,
984 1022 1134 1088 nonnulli

60 1134 197 1212 petriam,
219 1127 367 1214 plerique
391 1139 499 1190 autern
523 1145 558 1188 ue
580 1127 669 1211 ipsos
687 1130 817 1212 penitus
840 1128 1069 1211 perdiderunt„
1087 1134 1134 1194 oie

63 1235 194 1299 rebustus
224 1242 353 1297 enimus
382 1246 416 1295 et
444 1230 598 1296 excelsus
632 1236 720 1298 omni
746 1247 776 1298 st
806 1233 891 1325 liber
920 1257 998 1302 oure
1023 1249 1056 1298 et
1078 1258 1134 1300 un·

63 1365 147 1428 gere,
169 1362 265 1429 quom
288 1352 322 1401 et
345 1351 482 1402 mortem
506 1341 699 1417 contemnit,
723 1342 800 1426 (que
824 1345 878 1426 qni
902 1343 1022 1408 adfecti
1046 1357 1133 1423 sunt,

83 1509 214 1576 ¹eedlettr
248 1505 366 1564 metuque)
379 1504 509 1550 metuuetr
537 1505 663 1563 peneltune)
673 1507 833 1563 petramordi
862 1509 937 1566 quom)
951 1515 1002 1554 turn
1016 1510 1132 1557 Mernc

64 1585 134 1640 [quun]
148 1587 187 1630 ⁰1.

66 1747 160 1810 reperet
175 1741 272 1809 (uelut
289 1757 307 1793 u
325 1739 449 1810 pruno),
486 1740 534 1816 red
555 1739 685 1794 uniuerso
706 1739 873 1796 industrium
892 1741 928 1796 ulr
946 1742 1010 1797 uliie
1030 1744 1132 1810 rehum

67 1833 143 1903 itaque
160 1831 229 1887 nihil
248 1832 363 1888 omuino
381 1833 438 1885 lruo
456 1815 579 1901 pertinet
594 1833 709 1902 questio
726 1836 761 1887 tle
780 1835 946 1903 prenomine
965 1836 1023 1904 ipre
1038 1854 1090 1908 pru
1108 1839 1133 1890 ie

68 1926 115 1993 iper
130 1925 223 1996 perito.
264 1925 320 1980 Sed
340 1925 412 1994 ipro,
432 1941 493 1992 quur
512 1925 652 1991 tundetur,
670 1925 734 1979 ideo
754 1925 872 1990 dicitnr,
891 1929 965 1996 qnod
983 1929 1042 1982 lrue
1061 1936 1134 1983 turu-

68 2018 266 2092 quamproprie
285 2019 410 2087 quedem
429 2017 520 2071 uirtus
539 2015 653 2070 leuderi
669 2016 699 2070 iu
718 2017 880 2071 homiuibne
898 2022 988 2084 solet,
1015 2037 1070 2073 uon
1090 2021 1133 2073 ui·

67 2112 140 2180 gite,
172 2129 231 2184 qure
251 2110 280 2180 iq
299 2108 461 2163 homiuibus
479 2125 535 2162 uon
553 2115 635 2170 eunt,
664 2125 717 2162 nee
734 2109 899 2178 metentem,
924 2129 985 2182 qute
1004 2110 1033 2166 iu
1052 2111 1135 2168 nertin

68 2203 200 2260 eedeuibur
217 2209 384 2274 epeotutur,
413 2219 467 2256 non
485 2199 513 2255 iu
533 2207 593 2256 toto
610 2199 735 2272 ingenio.

121 2317 151 2352 ee
163 2295 302 2365 fortitude
318 2295 438 2363 quietem)
456 2294 529 2348 Muli
543 2294 659 2365 quidem
677 2293 797 2357 codices,
816 2295 959 2357 uteolent,
977 2297 1135 2365 neetEtl83

69 2391 154 2444 multer
171 2389 257 2444 Guiue
277 2386 376 2455 dicit),
412 2387 485 2457 qnod
504 2387 528 2440 ri
547 2395 620 2442 eeeet
635 2385 768 2441 Lutinnru
788 2387 857 2454 (uid.
877 2404 935 2441 exo.
957 2388 992 2440 ed
1012 2385 1134 2456 [1,25),

68 2481 135 2536 heinr
149 2483 202 2537 loci
220 2499 277 2536 unu
297 2487 388 2548 emet,
422 2477 483 2532 eine
503 2479 743 2534 enumerationem
763 2479 839 2534 liniri
857 2478 917 2534 eine
935 2486 1136 2553 argumentum

71 2574 178 2628 eeneludi
201 2573 388 2628 indicumun‘
412 2570 580 2626 Dubitutum
597 2579 623 2626 et
640 2572 732 2638 eninr,
768 2571 909 2643 quomodo
928 2579 1053 2627 extreme
1071 2573 1135 2627 loen

70 2665 202 2723 adhereret
217 2665 281 2739 ipre
302 2665 450 2731 tortitudo,
468 2663 546 2718 euiue
568 2664 726 2736 superiore·
744 2671 946 2737 perteeeeoent.
971 2671 1134 2739 Itnquenu-

70 2775 108 2826 per
126 2758 292 2816 Dietrielriuu
316 2759 450 2828 (Quaeett.
473 2773 593 2829 gramm.
623 2763 651 2811 et
676 2757 751 2814 eritt.
777 2759 812 2812 de
838 2759 907 2813 loeis
932 2757 1042 2829 aliquot
1066 2757 1136 2823 cte,

70 2848 128 2920 laipe
144 2850 209 2908 1⁸25
223 2873 251 2924 p.
270 2850 317 2922 72)
335 2850 466 2905 eeueludi
485 2849 624 2905 rationem
650 2850 689 2904 eie
710 2851 836 2923 pntnuite
873 2852 965 2918 itaque
990 2866 1023 2901 ne
1047 2849 1134 2914 sorti-

71 2943 122 2994 trde
137 2946 255 3014 quidem,
275 2946 322 3012 (ut
340 2949 430 3006 ereetr
448 2945 510 2997 oleo
529 2945 601 2997 urredi
618 2945 724 3010 nieht);
745 2951 774 2998 ot
794 2943 896 2997 dicitur
913 2942 954 2996 eie
970 2958 1006 2994 ne
1022 2968 1057 2980 -
1075 2942 1135 3010 qni-

71 3033 132 3100 dene
147 3039 191 3090 red
208 3053 301 3109 neque
316 3035 458 3107 porticulo
479 3035 667 3091 conclusioni·
684 3035 767 3090 index
786 3035 877 3090 omitti
894 3039 1016 3106 peteret,
1035 3049 1135 3103 neque,

72 3125 89 3178 tl
104 3145 119 3181 ι
135 3132 259 3202 pretr'lrue
277 3131 315 3183 ed
334 3135 424 3184 totum
442 3125 516 3188 rotie
536 3129 750 3194 transferretur,
772 3135 848 3182 recte
866 3129 975 3180 deerret
992 3125 1136 3196 perieulu-

72 3235 120 3275 mur
136 3222 316 3298 eueeeptieuie
335 3219 450 3276 mentio.
508 3223 608 3292 ltuque
625 3219 820 3276 tortitudinem
839 3219 879 3274 eie
897 3225 1042 3290 temquum
1059 3235 1135 3272 enm-

71 3327 130 3368 uun
145 3317 259 3389 rdiungi
281 3321 367 3386 puto,
386 3323 433 3379 ut‚¹
446 3331 532 3385 quom
550 3319 616 3368 onte
634 3329 671 3367 en
690 3331 736 3368 ree
755 3313 904 3368 nominetur
922 3309 986 3376 rint,
1005 3328 1065 3382 qun
1082 3312 1135 3365 enb

72 3405 213 3476 ampliorem
232 3415 261 3462 et
288 3408 374 3462 lutino
393 3412 536 3478 putentem
562 3407 623 3461 uiue
648 3395 763 3462 u'irtutir
788 3403 931 3462 notionem
956 3405 1059 3459 cudent
1083 3419 1135 3457 neo

72 3499 146 3553 tener
162 3519 194 3555 ee
211 3500 328 3556 nemine
346 3497 488 3571 appellari
506 3501 627 3565 solerent,
648 3498 695 3552 lrie
714 3517 748 3553 eu
766 3500 967 3570 intellegetur,
1000 3514 1059 3567 quae
1075 3511 1135 3550 ιιιιι-

71 3587 105 3654 git
119 3593 222 3663 proprie
240 3593 370 3658 dicotur,
388 3610 448 3663 qun
465 3591 494 3646 in
513 3592 647 3664 perieulie
665 3591 800 3646 adeundie
818 3597 960 3646 cernetur.
996 3588 1137 3662 Epicurus

71 3676 109 3748 (ἢν
122 3679 239 3760 riedpriuv
256 3683 332 3758 ‹pdeer
348 3685 387 3757 μή
407 3687 542 3756 ytvereee,
563 3675 685 3757 λογισμῷ
702 3681 731 3740 dd
748 3679 794 3740 τοῖι
811 3688 990 3758 συμφέροντος
1009 3681 1136 3753 putabet.

70 3771 148 3847 (Πίος.
166 3780 200 3842 Χ,
216 3777 294 3848 lffl).

124 3871 241 3941 plerique
259 3897 289 3911 -
309 3869 505 3938 perdiderunt)
524 3870 646 3936 Nurrnt,
668 3869 733 3941 qnid
751 3863 822 3940 erfepe
841 3871 947 3925 suetum
965 3868 1018 3930 eit,
1044 3871 1075 3920 ut
1093 3863 1139 3918 in-

71 3959 224 4032 tellegetur,
251 3961 317 4034 qnid
336 3963 401 4017 lieri
417 3964 517 4018 uolent.
551 3961 622 4016 nico
641 3967 758 4033 prepter
776 3962 897 4028 Guium,
916 3962 963 4033 qul
981 3955 1138 4014 ludibrium

71 4049 130 4104 illud
146 4053 238 4110 eerieti
258 4053 398 4124 udlrilruit,
416 4055 451 4109 de
471 4071 526 4126 quo
542 4054 598 4108 diri
616 4054 645 4108 iu
663 4055 797 4124 disputet.
816 4056 850 4107 de
869 4059 926 4108 unt.
945 4058 974 4105 et
991 4049 1137 4104 neulorm.

73 4149 228 4210 quorundum
247 4148 329 4202 uerbi
346 4149 409 4203 iret.
452 4149 559 4210 (Hune.
578 4145 658 4218 1836)
678 4167 704 4218 p.
723 4153 750 4199 11
767 4167 794 4218 p.
814 4145 850 4200 26
867 4163 927 4216 rqq.

130 4253 201 4306 quem
215 4247 242 4294 et
259 4249 371 4298 mortem
390 4241 549 4312 contemnit)
567 4241 628 4297 Neu
648 4257 749 4297 cenem
767 4237 922 4299 indicetur,
940 4238 989 4292 red
1009 4237 1067 4308 ipre
1080 4244 1138 4292 rtu-

926 4349 944 4402 7
