2722 4886
288 336 344 408 er
367 325 477 410 nau.
500 341 583 410 ιιιι.
607 343 655 409 ιιι
678 342 774 409 uno.
798 347 848 409 ιι.
1047 347 1111 411 ιιι
1160 385 1174 406 ι

62 550 137 620 quom
157 534 282 600 diuitiae
302 557 367 601 uon
390 540 456 602 sint
479 543 513 604 in
538 540 646 619 bonis,
668 538 760 604 nulla
782 561 836 604 arc
857 541 983 606 diuitiis
1009 546 1111 608 conti·

61 643 113 705 neri
134 652 239 727 poten.
277 643 330 706 dil.
353 641 450 720 Quod
474 648 504 710 ci
528 647 568 710 de
590 645 717 711 artibuc
729 646 957 728 concedamus,
979 649 1111 714 uirtutis

61 763 143 810 tanen
160 769 217 810 nou
240 749 283 811 eit
303 751 417 814 eadem
444 753 547 830 ratio,
586 765 760 838 propterea
784 754 869 839 quod
894 753 975 819 haec
999 755 1110 842 pluru·
1222 765 1225 772 '

60 875 113 916 roae
131 857 400 920 commentationis
419 867 452 920 et
472 861 720 923 exercitationis
737 860 896 946 indigeat,
915 861 999 947 quod
1022 861 1108 926 idern

59 959 206 1026 inertibus
226 983 288 1025 nou
310 964 373 1042 sit,
423 977 456 1028 et
480 965 565 1050 quod
590 967 694 1028 uirtus
718 964 951 1046 stabilitatem,
975 963 1110 1032 firmita-

59 1079 123 1145 tem,
153 1070 358 1132 cunctantium
381 1072 482 1133 totius
502 1071 592 1136 uitae
618 1069 842 1156 conplectatur
869 1094 928 1137 nec
954 1073 1035 1139 haec
1057 1095 1110 1137 ea·
1171 1123 1173 1128 .

58 1171 110 1238 leur
130 1176 159 1237 in
181 1173 303 1238 artibus
328 1197 401 1239 esee
420 1177 600 1242 uideamua

123 1278 273 1368 Deinceps
294 1280 481 1369 explicatur
505 1281 692 1349 differentia
716 1305 844 1364 rerum3
872 1305 968 1370 quam
992 1287 1022 1348 ei
1045 1305 1109 1347 non

95 1445 249 1504 ihpropterec
262 1445 333 1504 quod)
347 1447 425 1492 orni}
462 1447 670 1503 commentatioulc)
686 1451 902 1496 commendationis
915 1449 1028 1498 nenton
1062 1461 1107 1495 non
1195 1491 1199 1494 .

59 1521 115 1576 othe)
125 1523 257 1570 mundiora
271 1523 314 1569 iila

58 1675 262 1744 cciiociocnicce
279 1681 435 1734 narrantur
461 1679 552 1746 (Sext.
576 1681 658 1752 Erop.
683 1683 748 1736 ndo.
774 1683 865 1737 lieth.
885 1683 960 1744 vn,
998 1681 1063 1750 tut)
1082 1687 1110 1736 et

58 1770 106 1824 utic
127 1774 244 1845 ipcacqne
271 1768 438 1846 concivium
461 1771 491 1825 in
526 1770 653 1842 capiente
687 1773 773 1828 etiarn
798 1775 872 1828 hona
899 1789 959 1826 cece
984 1772 1109 1827 aoluicce

58 1859 122 1926 (ilat
135 1865 286 1922 cinStoic.
306 1884 330 1919 r.
347 1867 365 1919 7
384 1883 411 1936 p.
422 1863 492 1920 tuot
503 1863 545 1929 c),
565 1865 727 1922 tamennon
745 1865 854 1920 itnhee
869 1865 940 1921 alibi
956 1882 1108 1937 parceque·

57 1951 144 2024 tntu,
161 1966 189 2014 ut
203 1953 357 2028 milwae
373 1957 541 2028 cimpliciter
557 1959 664 2012 bonurn
682 1961 862 2029 appellarent
882 1963 910 2012 ct
927 1957 956 2010 in
976 1959 1037 2010 ollo
1056 1955 1110 2010 uici

58 2045 150 2114 arian
165 2067 221 2104 ecce
238 2056 388 2122 negarent.
446 2049 536 2105 liirnic
555 2049 630 2104 enirn
649 2058 748 2120 aperte
766 2049 794 2103 in
814 2050 842 2104 id
861 2048 1041 2112 incidiceent,
1078 2049 1108 2102 in

57 2139 108 2204 quod
128 2145 211 2198 tanen
228 2142 395 2198 incidebant
412 2141 564 2207 occultior,
591 2149 639 2204 ut,
675 2160 760 2211 quoru
778 2139 831 2212 ipci
848 2159 879 2196 co
895 2138 1031 2212 capientia
1049 2155 1109 2194 ecce

58 2245 94 2282 ron
109 2235 307 2302 profiterentur,
327 2233 417 2290 omnic
436 2251 534 2287 eornm
553 2241 581 2287 et
597 2232 726 2289 doctrina
744 2236 774 2288 cl
793 2233 854 2288 uita
865 2232 1030 2304 incipientia
1041 2239 1108 2287 nota

58 2317 122 2377 iuncte
135 2333 206 2380 ercet.
230 2348 240 2362 .
262 2329 342 2396 illud
362 2344 476 2398 prorcuc
498 2326 620 2387 rnirurn,
657 2325 681 2379 ci
708 2327 807 2382 Cicero
825 2324 898 2382 nihil
916 2327 1108 2398 perturhnnit‚

56 2413 106 2481 qood
119 2419 244 2492 diogenen
264 2417 449 2485 hninnnodi,
474 2417 572 2489 quolie
587 2417 635 2471 hic
653 2425 812 2489 ponuntur,
847 2417 1023 2492 argumentic
1041 2433 1107 2488 pro·

57 2506 146 2566 tuton
162 2511 321 2578 crediderit,
341 2511 474 2566 uirtutem
495 2507 602 2564 diuitiie
621 2528 675 2564 non
695 2509 841 2566 contineri.

103 2602 138 2656 tt.
167 2606 279 2662 uirtutis
300 2611 391 2661 tanen
418 2622 472 2658 non
490 2603 527 2654 cit
552 2603 644 2656 cedern
664 2604 749 2671 ratio)
786 2604 891 2658 Redire
918 2603 1054 2659 Catonem
1072 2605 1108 2658 ud

57 2687 155 2762 Diogene
170 2697 326 2754 orationem
346 2697 533 2761 reddendam,
553 2697 673 2766 adparet
691 2713 723 2748 ex
743 2713 790 2762 eo,
810 2698 885 2767 quod
902 2703 946 2752 ter
964 2696 1109 2768 particule

54 2787 104 2854 Μ
119 2789 319 2848 coniunctinoru
345 2790 462 2844 modum
481 2788 584 2843 euhicit
602 2789 762 2857 (indigeat,
799 2791 852 2852 cit,
889 2790 1107 2859 conplectatur),

56 2875 195 2938 crincnolln
212 2887 286 2938 eceet
305 2899 420 2947 canace,
456 2882 481 2936 ci
504 2884 563 2938 heo
588 2883 658 2936 Cato
680 2899 696 2934 e
721 2898 772 2936 cua
799 2897 919 2952 perrone
942 2882 1060 2953 loquere
1079 2881 1107 2936 iu

56 2968 158 3032 ιιίιιιιιὶι
171 2975 315 3030 cententio
335 2975 372 3028 cit
390 2977 502 3028 tantum
521 2979 638 3046 propter
653 2973 866 3046 hypotheticam
892 2975 1016 3030 formam
1042 2989 1107 3029 ora·

56 3055 232 3124 lcrhdiceret.
294 3067 373 3137 Ergo
399 3065 539 3121 infinitiuo
565 3068 699 3122 utendum
724 3067 810 3124 iniere
828 3067 956 3122 uideturr
993 3065 1109 3120 nictatio

55 3155 118 3206 ‘¹¹2¹
132 3175 178 3212 aon
197 3163 311 3216 eundern
330 3176 389 3214 ecre
407 3159 550 3212 cntionem.
594 3161 631 3214 ut
649 3161 777 3230 prolecto
797 3159 927 3214 oritatiuc
948 3158 987 3212 cic
1007 3157 1107 3212 Cicero

52 3244 188 3316 windam
221 3254 271 3308 ced
300 3251 385 3306 etium
410 3250 481 3306 olibi
500 3270 556 3308 uno
576 3259 605 3308 ct
622 3255 714 3309 altero
733 3254 796 3307 loco
815 3252 842 3305 in
862 3249 1024 3305 huiuamodi
1042 3267 1108 3306 ore·

53 3330 226 3414 tiooeohliqua
245 3345 358 3400 linitum
381 3345 461 3399 uerbi
488 3347 601 3400 modum
628 3343 761 3408 retinuit,
799 3349 830 3398 ut
849 3341 940 3414 magic
958 3344 1110 3414 adpareret

53 3429 217 3492 conditionalia
234 3436 424 3510 cigniticatio‚
462 3439 544 3491 uelut
561 3444 575 3491 1
600 3439 656 3493 Oli.
675 3435 742 3492 1⁵82
779 3437 851 3512 quod
869 3437 895 3490 oi
913 3437 1003 3491 cronio
1019 3437 1107 3504 nolio,

51 3531 92 3588 itit
105 3524 136 3578 ad
152 3527 251 3582 uictum
268 3530 425 3605 cultamque
440 3532 588 3600 pertinent,
606 3535 686 3601 ponci
703 3532 819 3601 nirguio
838 3531 951 3593 diuino,
966 3538 1001 3584 act
1018 3533 1107 3594 ciunt,

52 3607 277 3685 ttppeditnrmtnr,
314 3629 370 3676 tunc
399 3629 508 3692 optumo
532 3623 648 3698 'cpuiepne
679 3625 806 3694 ingenio,
842 3624 962 3696 negotiis
987 3625 1109 3678 omnibue

51 3703 139 3772 nnus,
157 3719 239 3768 totum
257 3732 288 3767 re
312 3715 340 3768 in
358 3716 514 3785 cognitione
533 3723 559 3768 et
577 3716 692 3768 scientio
712 3717 874 3770 conlocaret.
910 3715 1019 3770 Debuit
1036 3715 1107 3770 otei:

51 3797 91 3846 itt!
105 3809 342 3882 unamquemque
354 3808 465 3878 ingenio
486 3837 516 3849 -
536 3825 565 3861 ce
582 3807 786 3862 conlocatorum
801 3825 877 3872 ccccc
895 3808 1020 3863 retertur
1032 3808 1108 3864 enirn

50 3885 74 3936 ii
88 3885 164 3948 illud:
183 3897 240 3952 Nec
260 3915 355 3952 uerum
373 3906 416 3962 ct,
435 3902 508 3974 qnod
525 3901 627 3953 dicitur
645 3917 664 3954 n
685 3901 854 3976 potiundam.
893 3903 957 3956 Nat.
979 3903 1064 3958 Deor.
1083 3902 1107 3966 Ι,

51 3973 142 4038 muli
163 3995 206 4042 etr
243 4007 330 4060 neque
354 3992 424 4046 cninc
450 3999 505 4046 tnnc
534 3994 671 4062 decipient
693 3994 813 4060 scincet,
853 3993 955 4047 rectinc
981 3993 1108 4049 laturum

51 4079 105 4125 aaz
138 4085 304 4150 nequeenim
323 4089 380 4140 tono
401 4085 578 4156 decipientem
596 4088 726 4152 sutorum
747 4085 840 4152 suinae
859 4083 927 4152 (uici
953 4085 994 4139 ila
1012 4089 1108 4158 ercet),

52 4167 72 4210 ’ί
92 4167 136 4224 &n
183 4175 254 4230 llam
290 4193 323 4230 en
356 4177 490 4233 Pocidoui
520 4195 640 4249 perrona
672 4179 745 4234 ratio
781 4174 908 4232 redditur
932 4177 1017 4232 iudici
1043 4186 1108 4236 ente

52 4255 121 4316 rain.

105 4350 224 4426 Deincepc
242 4363 397 4431 explicetur
408 4364 565 4432 differentia
583 4363 690 4432 rerum)
706 4361 734 4414 id
748 4367 798 4426 eet,
815 4378 1007 4433 coronaque,
1022 4379 1107 4436 quom

874 4471 909 4526 28
