2848 4888
490 261 725 328 EXCURSUS
750 260 808 324 lv.
1129 263 1195 326 837

167 455 357 528 Progrediem
376 455 656 522 deindecamenues,
676 474 758 527 quom
780 459 835 512 trio
858 458 1005 512 uideretur
1024 463 1191 528 reperturue

10 559 11 564 ’
96 578 209 617 tumme
227 564 304 615 bona
322 579 353 614 en
373 560 528 631 inpietioee
548 561 669 631 tripiicir
686 563 844 631 adpetitua,
862 559 955 615 ettbito
974 560 1090 624 induxit,
1111 561 1191 617 ruina

16 680 23 692 ·
95 685 132 720 ne
160 667 316 720 minumum
342 663 454 734 quidem
480 663 591 719 initium
613 670 662 720 eat
683 663 764 736 origo
783 663 874 720 iohac
900 665 1008 720 ratione
1035 673 1191 721 monstrata

10 771 12 782 '
94 773 176 835 erat,
195 771 355 836 honestum,
376 777 405 826 ut
424 776 532 824 rectum
551 775 623 822 earet
641 769 736 821 tacere
756 771 851 824 omnin
871 771 953 824 unios
972 789 1004 824 ox
1023 771 1113 825 tribue
1132 771 1190 824 iiiia

91 877 181 928 rebor
200 891 315 940 taurea,
342 891 463 946 quarum
483 873 534 928 olii
552 873 640 928 aliam
664 873 784 944 primum
803 876 899 945 adpeti
916 874 1058 938 dicerent,
1077 875 1189 929 etiamsi

92 977 157 1050 quie
176 995 238 1033 eam
256 997 316 1033 rem
327 997 381 1033 non
401 977 615 1049 adipisceretur.
651 979 695 1032 ita
713 979 870 1033 aonaoium
890 979 1064 1049 abadpetitu
1083 979 1134 1034 iiio
1152 983 1188 1034 od

91 1082 222 1136 eiticium
244 1090 409 1155 peruentum
423 1085 458 1148 rt,
477 1084 535 1149 red,
554 1084 626 1154 quod
641 1082 733 1152 magia
751 1083 855 1136 mirum
874 1088 909 1148 rt,
928 1083 1090 1154 quomboni
1110 1085 1187 1139 notio

93 1207 129 1242 ex
150 1187 309 1259 expletione
327 1187 450 1242 derideri
467 1187 605 1242 neturetir
625 1189 690 1240 orto
708 1189 736 1240 et
754 1187 839 1240 dueta
863 1193 953 1252 earet,
992 1203 1065 1240 enne
1091 1195 1185 1240 temen

90 1293 232 1361 oriuntur,
251 1295 297 1366 qui
313 1294 397 1347 tinem
415 1291 482 1347 boni
502 1293 530 1346 in
549 1293 601 1346 iiio
619 1291 738 1347 iroueeto
752 1297 869 1360 ponent,
888 1291 1000 1344 etiamsi
1013 1301 1118 1345 nature
1137 1292 1188 1344 ud·

89 1399 196 1469 petitur
223 1415 278 1452 non
305 1399 461 1469 expientur.
472 1399 497 1466 ¹)
551 1396 692 1468 Adparet,
732 1393 909 1449 occarionern
935 1395 1012 1449 mire
1037 1395 1120 1448 inuias
1139 1411 1186 1448 ra·

87 1503 176 1558 tionie
206 1503 395 1574 excogitando·
431 1507 524 1556 ortam
550 1519 609 1555 eree
635 1519 650 1553 e
676 1499 921 1565 definitioneitia,
957 1516 1013 1569 qua
1037 1499 1186 1568 Antipater

90 1607 241 1662 Taraenrie
267 1609 419 1673 utebatur,
453 1623 537 1676 quom
556 1605 690 1660 uirtutem
719 1611 747 1657 et
772 1619 913 1656 nummum
940 1603 1045 1656 bonam
1075 1601 1187 1656 dicebat

90 1729 156 1766 eree
181 1711 237 1766 ιιοῗν
253 1710 286 1766 ed
305 1707 372 1766 καθ’
391 1707 472 1766 odedu
497 1713 586 1766 ποιεῖν
610 1707 676 1782 πρὸσ
699 1705 730 1762 τὸ
746 1705 887 1776 τυγχάνειν
912 1709 964 1760 rote
981 1711 1185 1778 προηγουμένων

87 1813 161 1871 nerei
178 1813 260 1888 piem
279 1817 351 1883 (nid.
372 1817 408 1870 ud
425 1816 487 1880 ΙΙΙ,
506 1813 567 1882 22),
590 1830 673 1884 quum
693 1813 748 1866 iem
768 1827 786 1864 a
803 1811 931 1880 Diogene
947 1809 1090 1862 interdum
1107 1809 1182 1879 poei-

88 1927 150 1975 tam
170 1938 247 1983 eoae,
279 1921 435 1990 auspicetur
453 1937 515 1974 rum
535 1919 585 1986 (ad
605 1920 647 1982 V,
665 1915 724 1984 20).
762 1916 852 1986 Atque
872 1915 933 1968 hac
953 1913 1097 1978 definitio,
1115 1915 1183 1967 dum

87 2025 167 2079 oiiici
186 2024 328 2080 notionem
351 2023 536 2078 ereiectione
554 2019 610 2077 noir
626 2023 834 2093 προηγουμένων,
853 2019 881 2072 in
901 2033 957 2088 qua
979 2023 1072 2070 temen
1093 2019 1184 2071 conti·

85 2131 212 2183 uebatur
230 2129 316 2182 etium
334 2129 545 2183 commodorum
563 2125 664 2180 diuiue
680 2123 752 2194 legio
771 2139 869 2175 ceurae
884 2121 1065 2192 contemptio,
1082 2137 1182 2192 porum

85 2235 159 2290 eeite
181 2235 296 2288 ductum
316 2253 379 2287 oum
401 2233 513 2288 uirtutis
538 2231 652 2286 notione
672 2235 839 2282 connectere
858 2234 994 2287 conetur,
1014 2227 1071 2280 uim
1091 2227 1182 2281 uirtu-
1288 2277 1293 2292 ,

83 2341 123 2398 tia
142 2357 160 2395 a
182 2341 294 2392 Zenone
314 2337 464 2391 intetiente
482 2337 567 2390 rrntde
586 2333 698 2404 quidem
724 2333 857 2385 obscuret
874 2337 903 2384 et
926 2347 943 2384 a
963 2346 1032 2384 uera
1061 2330 1181 2401 origine,

83 2446 224 2502 uniuerea
243 2445 349 2497 netum
369 2443 451 2512 tege,
471 2441 517 2494 eui
537 2439 627 2493 iibere
645 2438 874 2508 obtemperetur,
892 2433 1023 2506 diiungit.
1063 2435 1119 2488 Sed
1138 2441 1181 2490 te-

80 2567 152 2606 men
171 2567 204 2602 ex
223 2545 331 2600 relicua
348 2544 496 2616 dieoiptiea
514 2541 752 2612 intellegebatur,
791 2539 932 2610 quomodo
964 2540 1056 2594 uirtue
1078 2539 1180 2595 comti-

80 2661 214 2711 tueretur
229 2659 256 2707 et
274 2629 380 2704 horione
399 2666 417 2704 a
435 2649 647 2702 commodorum
664 2644 815 2715 adeptione
832 2643 988 2697 aeiunetnm
1011 2642 1178 2700 contineret.

80 2758 246 2813 Carneadea
269 2758 302 2809 et'
321 2756 376 2808 hoe
392 2752 520 2824 neglegit
538 2757 565 2805 et
583 2757 719 2821 pretereo
735 2747 848 2800 uirtutis
866 2748 936 2800 doen
955 2747 1028 2801 ntiae
1054 2767 1108 2802 non
1127 2749 1179 2804 do-

79 2862 163 2919 lendi
181 2868 208 2916 et
219 2857 375 2930 uoluptati·
394 2857 536 2929 excogitat
546 2855 575 2908 in
594 2854 684 2926 iiaque
701 2851 824 2923 aliquem
838 2852 953 2904 beatam
971 2853 1058 2905 uitam
1073 2869 1178 2922 ponere

81 2985 170 3042 poree
185 2971 275 3037 putat.
319 2970 417 3034 itaque
433 2979 488 3016 noe
507 2960 675 3021 mirumst,
697 2958 766 3011 duae
785 2971 832 3008 eea
852 2955 887 3008 de
904 2954 962 3007 tine
979 2953 1044 3008 boni
1063 2961 1177 3010 eonten-

77 3075 155 3138 tiae,
173 3089 233 3142 que
252 3076 311 3125 tam
331 3066 450 3122 ridicule
467 3067 591 3121 coutiete
611 3067 687 3126 eunt,
707 3062 854 3115 defensore
872 3058 1006 3113 caruitne.

85 3229 318 3246 μ·

114 3344 261 3402 ‘Ynoeeie'e
285 3352 331 3406 (oo
340 3351 414 3397 sonu
428 3352 498 3397 debet
512 3336 640 3404 interrita,
665 3353 690 3392 ut
704 3361 727 3404 p.
738 3347 772 3400 tt,
783 3343 843 3389 emt.
853 3355 904 3400 qne
916 3339 982 3395 adli,
996 3340 1023 3385 tt
1037 3339 1099 3384 dieta
1113 3339 1176 3392 runt)

133 3430 159 3489 d
177 3432 236 3488 ἐστὶ
251 3431 282 3489 τό
298 3422 406 3502 πρῶτον
420 3426 518 3484 οἰκεῖον
535 3425 583 3483 τοῦ
600 3426 665 3494 ζώου
694 3422 800 3486 πάθοι,
835 3416 882 3492 ἐφ’
900 3409 928 3475 ei
946 3413 1094 3486 κατήρξατο
1113 3435 1175 3471 συν-

134 3523 325 3581 αισθάνεσθαι
354 3520 385 3578 νδ
412 3516 479 3587 §vioe
506 3519 553 3590 τῆς
579 3515 725 3578 συστάσεως
750 3512 847 3578 αὑτοῦ,
886 3505 980 3567 οὔπω
1008 3504 1174 3581 λογικόν,

131 3613 209 3674 ἀλλ’
233 3613 372 3688 ἄλογον
398 3612 486 3670 nerei
511 3612 594 3669 rodo
621 3605 792 3684 peeauoir
821 3612 879 3660 not
906 3597 1174 3672 σπυρμοτιιιούσ

132 3707 267 3781 λόγους.
287 3737 321 3748 -
343 3703 492 3777 Γινὸμενυν
511 3704 563 3778 peip
582 3705 612 3762 τὸ
636 3702 702 3772 ζῶον
724 3697 845 3773 υᾷιιειῶθη
863 3704 915 3753 τινι
932 3693 1034 3750 πάντων
1053 3687 1127 3747 ridie
1144 3689 1173 3754 ἐξ

131 3798 225 3872 dende,
244 3793 310 3872 ὅπερ
333 3797 388 3854 ieri
406 3795 537 3860 teuteus,
557 3802 645 3854 ιιιῖτιιι
667 3794 692 3853 d'
718 3795 747 3850 ἔν
765 3799 817 3848 τίνι
836 3785 888 3846 τῶν
911 3779 1000 3861 τριῶν·
1020 3779 1037 3852 ἢ
1054 3779 1120 3854 peip
1137 3781 1173 3834 ἐν

129 3891 247 3968 ἡδονῇ
270 3889 287 3964 ἢ
307 3891 341 3946 ’ἐν
367 3886 546 3960 οἷογληοίρ
565 3887 580 3944 ’ν’
600 3890 636 3945 ἐν
652 3893 729 3947 τοῖς
747 3879 908 3956 πρώτοις
927 3873 1017 3933 uerti
1033 3874 1144 3945 ρι’·οιν.

95 3989 117 4042 l)
133 3985 200 4044 Erae
215 3983 263 4030 irae
277 3981 384 4028 eodeitur
399 3981 481 4028 tabule
495 3981 589 4026 tioium:

545 4059 573 4101 A.
602 4053 706 4110 Adipieei

211 4140 253 4179 eut
267 4135 299 4188 (t)
315 4133 457 4188 uoluptatem
471 4137 512 4174 eut
527 4133 558 4185 (t)
573 4141 623 4174 nae.
640 4127 728 4172 dotorte
743 4131 784 4168 aut
805 4123 836 4178 (³)
849 4121 924 4180 prime
938 4126 1037 4164 natura·

513 4205 542 4253 a.
557 4205 650 4250 Faeere
662 4201 740 4248 omrrta

146 4291 186 4336 aut
200 4287 232 4342 (i)
246 4287 375 4345 uoluptette
390 4299 474 4332 enuere
490 4289 530 4330 aut
544 4283 575 4338 (ἱ)
593 4295 645 4327 uae.
663 4279 707 4324 dol.
727 4291 745 4324 ο.
768 4283 808 4321 aut
830 4276 861 4331 (A)
875 4272 1001 4333 primorum
1016 4273 1063 4314 net.
1079 4285 1100 4314 e.
