2688 4880
304 280 363 349 ΕΤ
384 279 494 350 MAL.
515 279 601 350 Llll.
621 283 656 348 ll
677 281 773 350 CAl’.
794 285 848 350 25.
1057 287 1121 352 2Ὶο

126 476 244 546 XXV.
296 479 352 544 80.
382 477 523 545 Faceres
546 489 583 544 tu
606 478 758 566 quidem,
804 477 993 566 Torquate,
1038 479 1121 546 haec

45 585 165 658 uuniss
187 583 270 650 nihil
284 587 371 651 eninr
386 585 528 652 arbitror
541 607 660 672 magns
672 583 770 650 laude
782 585 916 671 dignum
928 607 1013 668 esse,
1036 589 1122 673 quud

44 703 72 754 te
101 693 403 776 praetermissurum
426 691 556 757 credunt
581 705 638 756 sut
660 695 776 756 mertis
796 704 854 756 aut
875 691 999 759 doloris
1020 706 1120 760 metu.

45 794 110 860 Nun
140 800 308 884 quaeritur
338 811 468 879 antem,
515 799 590 884 quid
612 811 749 863 naturae
768 809 844 862 tuae
865 813 1121 864 consentancum

44 905 95 981 sit,
136 903 194 967 scd
224 904 302 991 quid
323 903 528 991 disciplinae.
595 905 799 982 Raetinium,
842 927 940 990 quatu
961 904 1121 984 delendis,

44 1023 224 1094 praccepta,
248 1032 331 1096 quae
352 1010 512 1089 didicisti,
535 1031 618 1097 quae
641 1009 780 1098 probas,
800 1011 1121 1076 funditus‘eucrtuut

44 1117 228 1194 amicitiam,
266 1118 416 1200 quamuis
437 1137 510 1182 earu
533 1116 716 1203 Epicurus,
746 1118 906 1208 etfacit,
934 1119 968 1180 iu
992 1115 1120 1182 caelum

44 1221 153 1286 scierat
183 1219 350 1286 laudibus.
378 1255 421 1270 -
449 1221 496 1288 At
525 1220 629 1286 coluit
658 1225 730 1310 ipse
759 1226 931 1290 amicitias.
958 1221 1120 1302 -Quis,
1187 1223 1190 1229 '

44 1345 169 1410 quase,
217 1323 314 1392 illurn
336 1339 438 1413 negat
458 1339 493 1392 et
512 1325 635 1394 bouum
655 1332 763 1395 uirurn
786 1343 819 1395 et
843 1351 969 1394 comem
1002 1341 1036 1394 ct
1059 1329 1119 1393 hu·

86 1509 117 1556 U·
127 1508 200 1564 cain)
215 1508 285 1555 cetis
318 1509 380 1566 csse)
395 1510 500 1566 ceectB,
511 1522 555 1556 err.
566 1509 640 1556 ceteri
653 1510 694 1558 or.
727 1511 791 1571 quid)
804 1516 869 1569 ques
882 1513 903 1558 Ε
920 1511 976 1568 (tte)
1007 1515 1119 1560 cuertunt

43 1581 193 1703 unguente.
209 1583 283 1630 cml·
329 1585 381 1643 qula
397 1587 754 1646 centumcentumn
766 1589 935 1648 ,0000000
984 1591 1118 1648 negrom-

44 1663 78 1712 gn

44 1817 70 1866 ut
83 1831 130 1868 ses
146 1815 338 1888 deprecarere
346 1815 373 1880 i)
412 1813 603 1872 sternuente
621 1817 735 1889 quidem
759 1820 854 1876 lerrus
879 1817 1029 1892 perspicus
1048 1822 1074 1872 et
1092 1821 1121 1871 ct

44 1907 206 1974 emenia,
245 1907 392 1963 declarate
416 1908 501 1964 etism
522 1925 541 1963 s
557 1910 671 1965 Kletslc
696 1913 814 1982 (Queat.
837 1913 918 1967 Tull.
938 1930 966 1982 p.
983 1912 1019 1965 67
1038 1916 1067 1964 et
1083 1911 1120 1964 ed

44 1995 98 2052 lai.
113 2000 131 2053 l.
148 2005 198 2069 0.).
252 2000 329 2053 11100
346 2017 402 2054 000
419 1999 480 2054 sine
495 2017 595 2056 essese
612 2000 800 2058 dubitandum
819 2001 911 2057 uisura
928 2009 973 2065 st,
991 2008 1120 2072 possetne

43 2085 76 2140 sic
90 2087 153 2144 licis
170 2108 228 2144 scs
242 2107 352 2158 precer,
373 2109 426 2166 pse
443 2093 742 2160 uieeseudcmscneu,
760 2111 833 2167 quar
846 2111 900 2147 sen
908 2097 1049 2163 deprecer,
1067 2109 1120 2161 pree
1183 2153 1187 2160 Ι

44 2181 116 2236 nicee
136 2185 186 2252 (ut
212 2182 311 2238 Liuias
335 2182 438 2252 dirius
472 2199 564 2258 seque
594 2185 670 2240 euim
692 2187 811 2240 uerbum
830 2187 920 2254 iliud,
956 2203 1041 2258 quern
1059 2191 1120 2239 stu·

44 2269 106 2326 dicer
117 2275 158 2328 rci
177 2274 339 2330 muniente
356 2275 514 2347 significet,
551 2278 589 2332 slr
615 2277 779 2350 inpediendi
798 2285 895 2334 sutum
913 2274 1121 2349 significatione

45 2367 259 2422 remetissurnnru
276 2365 328 2433 sit,
354 2367 430 2423 lianc
443 2368 615 2439 particulam
634 2371 771 2425 escisccre
789 2387 871 2442 pesse
889 2372 1019 2438 uidetur,
1036 2385 1072 2423 ne
1089 2369 1120 2423 is

45 2459 155 2528 negando
173 2459 299 2530 quiden.
343 2461 442 2531 ltaque
463 2460 522 2515 iem
540 2461 632 2516 editur
649 2465 750 2517 Uenet.
768 2461 855 2530 1080,
881 2462 981 2516 deiude
998 2461 1049 2516 alii
1068 2477 1121 2514 uu·

45 2567 133 2621 perque
150 2549 278 2608 ocellis·
295 2551 483 2623 scripecruutr
516 2571 571 2607 see
597 2555 785 2624 deprecarere.
840 2543 899 2611 Nec
923 2553 1119 2626 reprehendes

45 2639 116 2698 irrue
131 2645 238 2708 lsudc,
260 2644 333 2713 quud
353 2645 456 2698 seltcnr
474 2643 643 2700 sententiam
660 2647 811 2715 uideruut3
840 2663 892 2702 nec
911 2645 1118 2701 dubitationem

44 2739 90 2788 tem
106 2736 227 2807 superbe
245 2735 333 2790 reicie
351 2751 437 2807 quern
461 2735 589 2792 Klotuius
614 2738 693 2793 lecit.
726 2741 782 2795 Snd
801 2748 894 2794 terneu
914 2756 999 2811 quarn
1018 2735 1118 2790 cicera

43 2829 190 2892 perficiendi
206 2827 296 2882 nerine
313 2827 447 2900 nepetino
475 2826 565 2900 posite
590 2829 744 2887 subiecerit
764 2851 817 2908 pce
840 2833 930 2885 mines
955 2830 1016 2898 (sd.
1035 2829 1117 2881 Fam.

44 2916 84 2980 ill,
101 2923 116 2974 7
132 2925 235 2989 csta),
250 2937 306 2974 uun
324 2921 415 2975 eudce
433 2920 582 2992 preirecte
600 2939 717 2993 ucgnrc,
735 2922 777 2979 sic
794 2923 849 2978 dici
868 2921 993 2995 petuisse
1012 2923 1056 2986 (ut
1073 2935 1117 2971 es·

44 3018 90 3064 rat:
105 3031 157 3066 sun
171 3029 260 3066 cenes
279 3015 418 3082 precanda
437 3013 597 3084 inpedirc);
618 3015 669 3069 ctsi
689 3014 748 3070 alis
767 3021 794 3069 st
811 3014 885 3068 ratic
905 3009 1070 3083 perficiendi
1088 3015 1118 3063 et

44 3103 169 3158 etrier&
188 3105 359 3170 uerborum,
378 3104 436 3159 slis
455 3106 588 3176 precandi
606 3108 673 3172 (cir.
694 3108 730 3162 sd
749 3109 763 3176 0
782 3107 817 3160 10
836 3108 872 3160 dc
890 3111 921 3158 at
938 3104 1001 3170 nc),
1021 3107 1049 3155 ct
1065 3100 1116 3154 sd·

46 3193 117 3260 retis,
141 3198 218 3270 qued
236 3203 295 3251 tem
313 3197 438 3252 uicinum
460 3203 489 3250 et
508 3205 606 3269 aptum
625 3205 688 3254 erst
706 3199 847 3266 deprecer.
876 3193 1047 3249 Incredibile
1064 3207 1115 3246 eu-

45 3287 90 3338 im
105 3295 137 3354 rt,
154 3289 253 3360 quales
270 3288 355 3342 huius
374 3289 430 3344 leci
447 3288 513 3344 inde
530 3305 549 3344 a
567 3289 683 3345 Decitio
700 3297 729 3345 et
747 3285 994 3356 interpretationes
1013 3290 1042 3338 ct
1052 3299 1115 3338 eor-

43 3379 162 3435 tcttieues
181 3381 346 3451 excogitate
363 3380 438 3444 sint,
475 3397 561 3451 quoru
584 3399 639 3438 neu
657 3380 874 3450 intellegeretur
892 3393 946 3430 nea
968 3393 1032 3431 cum
1048 3394 1114 3445 prc-

43 3485 123 3526 enrcre
137 3474 165 3528 in
184 3489 270 3528 unaru
290 3473 432 3528 notiorem
453 3474 613 3530 sudlucere
631 3482 660 3532 et
682 3475 719 3529 de
746 3489 780 3528 eu
797 3469 968 3543 interrogari
993 3475 1022 3524 et
1047 3469 1114 3523 irinc

42 3565 149 3628 pendere
163 3583 215 3641 pec
234 3565 332 3621 minace.

99 3655 164 3727 Cep.
182 3657 278 3723 xxv,
295 3657 340 3713 80.
377 3659 491 3729 dignum
509 3662 580 3720 esec)
598 3659 772 3716 Iuflnitiuunr
794 3656 1056 3720 undaurnimat,
1076 3654 1111 3706 de

41 3745 109 3800 told.
132 3755 263 3803 tsecstes.

101 3839 180 3903 Quis,
213 3857 321 3916 quere,
338 3840 417 3894 illc·
435 3843 536 3912 neget)
572 3843 612 3898 ut
627 3840 829 3911 nestricndd.,
857 3845 990 3913 qusttucr
1008 3837 1062 3894 Gsi
1079 3838 1111 3906 (e

41 3928 104 3982 (iud.
125 3929 142 3982 1
164 3939 271 3987 tutum
294 3941 384 4003 cegat
411 3935 576 4000 adnotatur)
611 3940 640 3988 ct
659 3933 721 3987 siue
746 3934 833 3990 dubie
858 3932 909 3988 etti
937 3947 1034 3986 amnes
1062 3933 1111 3983 sut

41 4017 93 4073 lese
107 4038 207 4090 annes,
225 4021 288 4091 etsi,
307 4043 390 4095 quern
410 4024 495 4097 primi
511 4025 633 4079 editurus
651 4025 876 4082 substituisseutc
900 4021 981 4100 queri
997 4020 1058 4096 puis
1076 4047 1110 4062 -

40 4120 129 4178 neget,
149 4115 255 4186 prinus
272 4117 405 4174 Danielus
423 4118 568 4183 adtendit,
588 4116 640 4172 ille
658 4119 742 4172 medo
759 4118 897 4189 scriptum
915 4129 976 4168 cese
993 4111 1022 4164 iu
1042 4113 1107 4168 Pur.

40 4194 125 4269 lissi
136 4209 240 4280 quere),
257 4210 344 4276 Bell,
361 4210 473 4276 ticet„
492 4227 648 4283 uerumque
666 4209 782 4268 inuenit.
799 4212 868 4265 011.
888 4224 922 4261 es
938 4207 1004 4276 Εχψ
1021 4207 1108 4259 0000-

41 4293 93 4348 tent
108 4305 198 4368 regn,
218 4301 253 4357 00
278 4303 340 4374 peis
358 4302 440 4380 pueri
455 4309 559 4372 000000,
577 4302 644 4376 quis
661 4302 691 4360 ia
712 4300 810 4363 ertias
827 4306 938 4359 titutum
955 4297 1108 4358 uerborum
