2722 4886
223 327 285 391 tto
570 315 635 386 DF.
656 313 834 388 FlNlBUS
857 313 961 390 BON.

316 517 360 586 V.
392 519 443 581 lt.
470 515 600 584 Similia
621 518 686 582 dici
707 519 845 605 potsunt
864 518 906 581 de
927 512 1149 601 explicatione
1171 521 1303 588 natarat,

227 649 291 714 qun
316 625 351 689 hi
373 636 509 688 utuntur
528 636 561 688 et
584 625 700 703 nostri,
720 645 825 712 neque
847 645 928 714 uer-o
950 621 993 686 ob
1014 621 1097 684 dues
1118 619 1304 683 modocam*

226 753 301 812 aaa,
321 729 407 818 qaod
429 729 571 815 Epicuro
593 729 741 809 uidetur,
765 743 802 794 ut
824 727 967 812 pellatur
990 729 1104 790 mortis
1128 737 1161 788 et
1184 721 1305 808 religio·

227 841 279 903 nie
300 849 425 911 metum
448 833 504 898 ted
527 837 627 899 etiam
648 836 841 900 modestiam
861 833 1022 921 quendem
1047 831 1191 916 cognitio
1208 849 1303 894 rerum

231 943 424 1008 cadentium
451 941 557 1004 adfert
581 943 633 1020 iit,
659 943 714 1025 qui
737 941 884 1021 uideant,
906 951 1028 1027 quanta
1048 941 1092 1002 eit
1113 923 1210 1001 etiarn
1229 933 1302 1021 epod

227 1051 306 1115 deos
319 1025 539 1126 moderatio,
584 1059 724 1132 quantur
746 1047 845 1126 ordo,
879 1058 912 1111 et
936 1043 1194 1133 magnitudinem
1215 1041 1301 1106 animi

226 1158 361 1220 deortim
387 1175 487 1238 opere
507 1165 543 1216 et
566 1153 653 1216 fecta
674 1152 896 1230 cernentibus,
917 1151 1075 1216 iustitiam
1088 1153 1199 1228 etiarn,
1218 1166 1301 1234 quotu

231 1262 397 1346 cognitum
422 1257 559 1338 babeat,
581 1259 667 1345 qnod
690 1261 733 1322 eit
753 1260 873 1322 nummi
893 1259 1031 1323 rectoris
1055 1279 1094 1321 ac
1116 1257 1235 1321 domini
1253 1273 1302 1316 nu·

228 1389 321 1448 men,
340 1365 426 1450 qnod
450 1363 642 1444 consilinm,
680 1385 763 1450 queo
785 1363 956 1439 uolantem
988 1365 1081 1427 cuiue
1105 1363 1147 1428 ed
1169 1375 1300 1427 naturam

230 1487 307 1560 apta
328 1473 413 1536 ratio
439 1491 519 1534 aare
542 1467 602 1535 illa
626 1483 659 1535 et
680 1481 810 1534 summe·
831 1468 889 1535 lex
913 1491 933 1534 a
955 1466 1163 1556 philosophie
1186 1467 1299 1532 dicitur.

229 1582 282 1644 1².
307 1576 398 1642 lneet
418 1577 452 1640 in
469 1576 583 1640 eadent
606 1575 829 1662 explicatione
850 1588 986 1641 naturae
1007 1574 1206 1641 insatiabilia
1218 1593 1301 1661 qure-

232 1685 306 1750 dam
332 1680 387 1770 [e]
414 1683 649 1768 cognoscendis
671 1680 771 1746 rebna
793 1681 964 1770 comptae,
990 1683 1025 1746 in
1048 1704 1113 1769 qna
1136 1703 1217 1756 aaa,
1238 1700 1300 1744 coo-

284 1893 491 1954 ll.qnt)pmeB
533 1891 727 1946 lrilt't'lrlrloss
760 1895 871 1949 atletB
904 1893 1141 1950 ueltrtlnnlancl’
1173 1885 1298 1944 immi

229 1974 350 2026 laetitiam)
365 1971 442 2020 oua?
498 1982 525 2014 ιι
539 1969 633 2024 domini)
646 1977 671 2014 et
685 1971 822 2015 donnPCR
859 1974 923 2028 apte)
937 1971 1058 2028 apertuit
1100 1968 1193 2022 dicitur)
1206 1961 1298 2012 tuuc

229 2050 262 2095 tt.
278 2051 309 2106 [e]
324 2045 499 2107 cognoscendlr)
514 2057 628 2103 cognom.
643 2045 673 2100 Β,
686 2047 738 2092 riae
753 2047 819 2093 ancia
833 2047 874 2093 0r.
890 2049 916 2093 tn
931 2061 1002 2105 regn.
1017 2047 1039 2093 ll

219 2281 221 2289 ,
299 2233 367 2302 Cap.
387 2231 427 2294 V,
447 2230 489 2285 ll.
525 2247 580 2298 qno
597 2229 629 2281 iu'
646 2234 761 2281 utantur
782 2229 929 2293 ettmttrr')
952 2229 1010 2281 Hor
1029 2232 1167 2300 appellet,
1183 2245 1246 2299 quot
1260 2239 1299 2280 tn·

229 2341 299 2394 pra.
319 2323 385 2394 qnia
403 2321 570 2377 remotionen
589 2322 681 2381 orent,
697 2317 796 2390 rupina
814 2319 956 2375 contrario
974 2323 1143 2391 pronomine
1161 2321 1243 2389 (nilon)
1259 2318 1299 2370 dr·

229 2413 398 2471 monstrauit
416 2413 455 2478 (5,
473 2415 501 2474 li,
519 2413 547 2476 8,
565 2413 592 2478 9,
608 2413 666 2479 tt),
685 2411 796 2482 opinor,
817 2412 895 2484 quio,
912 2407 1000 2485 quetu'
1014 2415 1121 2486 topica
1141 2432 1200 2488 quc
1217 2425 1298 2467 cornu

230 2506 345 2578 proprio
363 2511 459 2569 trent,
478 2508 732 2568 commemorarent,
751 2505 847 2558 naimo
862 2503 1009 2577 propiore·
1030 2507 1224 2562 occurrebant.
1255 2501 1299 2557 Sed

229 2599 257 2651 in
277 2599 331 2651 lroc
349 2593 572 2668 significatione,
608 2597 675 2669 qnid
694 2596 805 2670 utrique
824 2595 958 2652 similiter
979 2597 1104 2665 sacient,
1140 2597 1299 2655 scribendam

230 2687 359 2742 uidetur:
390 2695 423 2742 ct
444 2688 475 2740 m·
492 2695 607 2742 atnotru·
625 2695 652 2742 ct
669 2688 776 2750 nortrt',
814 2707 847 2743 cx
866 2706 922 2760 qna
939 2688 1079 2761 toriptnre
1098 2689 1125 2746 in
1145 2694 1204 2747 liri.
1222 2688 1299 2746 celita

231 2789 324 2836 ortam
346 2786 414 2852 pnio
435 2797 503 2856 pote.

300 2875 349 2932 ,ted
369 2873 452 2927 etium
469 2871 644 2944 modestiore)
670 2873 777 2928 thiaue
794 2874 922 2929 malebat
939 2877 988 2954 ted
1006 2878 1078 2952 qnod
1100 2879 1197 2941 etiem,
1227 2871 1298 2928 nort·

229 2965 286 3022 tint
306 2967 355 3019 ted
375 2971 403 3019 ct
428 2967 507 3034 prtia,
545 2961 628 3019 nituit
654 2979 756 3019 tenero
774 2963 931 3020 orationem
951 2967 1097 3039 erigente·
1116 2969 1152 3022 ad
1174 2980 1298 3024 nomam?

149 3055 151 3060 ’
231 3061 289 3115 nid.
310 3075 367 3112 exc.
389 3058 425 3112 ed
443 3064 474 3122 1,
499 3053 543 3112 28.
579 3059 646 3112 Mox
665 3058 813 3111 credentium
831 3059 974 3114 omitt-itur
994 3061 1080 3114 etiam
1099 3060 1127 3113 io
1147 3061 1217 3113 Gnd.
1235 3064 1298 3111 otro·

229 3171 302 3223 que,
329 3152 394 3206 Bar.
426 3151 521 3204 (leont
539 3151 711 3223 precipuum
733 3167 844 3215 rerum,
872 3168 941 3221 quat
958 3152 1132 3226 ianettigerc
1149 3152 1178 3207 in
1195 3145 1298 3222 ptydd·

228 3243 388 3308 madebunt,
408 3241 507 3296 Cicero
526 3241 842 3308 nominat(clr.ad111,
859 3242 920 3312 87).
950 3246 1171 3315 Querecantor‚
1189 3253 1298 3296 metunt

229 3334 264 3386 de
281 3352 391 3388 eternam
413 3340 522 3388 rectore
541 3342 569 3388 et
590 3335 626 3388 de
652 3333 710 3388 einr
728 3335 765 3387 ed
784 3343 917 3389 naturam
941 3343 1008 3408 apte
1034 3339 1167 3400 ratione,
1205 3329 1299 3408 querit

228 3439 339 3480 tumtun
355 3425 417 3488 lor,
435 3440 468 3479 ee
489 3424 616 3480 emedio
635 3425 703 3478 Stoa
722 3425 785 3490 lric,
805 3435 955 3496 precante,
975 3431 1008 3484 nt
1026 3431 1151 3494 uidetur,
1170 3425 1298 3486 Antiocho,

228 3516 263 3570 ad
284 3520 395 3568 uetere·
413 3518 551 3570 trearlata
570 3533 647 3578 erte,
667 3516 756 3569 froila
773 3519 886 3586 tertiat,
903 3519 949 3592 qni
969 3523 1016 3577 orl
1036 3539 1051 3576 e
1070 3525 1105 3580 N.
1123 3525 1158 3577 D.
1177 3517 1298 3590 {Mlti

227 3609 278 3674 tt),
308 3607 396 3678 Legg.
414 3607 444 3670 Ι,
473 3605 507 3660 18
525 3613 553 3661 et
570 3608 597 3660 ll
607 3643 617 3669 ,
635 3607 653 3661 Β
672 3607 832 3666 Stoloornnt
850 3614 1003 3669 tententiae
1020 3621 1049 3669 et
1066 3614 1224 3669 orationem
1240 3605 1298 3664 norit

228 3699 325 3772 (Diog.
344 3701 406 3763 vu,
425 3695 460 3752 88
478 3697 558 3786 dc.)-
592 3701 633 3752 Ac
652 3701 756 3755 domnitt'
769 3704 836 3773 (pro
854 3709 882 3758 et
900 3705 1077 3772 ‹tomttttct
1087 3743 1096 3769 ,
1115 3713 1177 3761 taut
1195 3703 1296 3758 (iniunt

227 3797 363 3865 quattuor
383 3789 505 3862 optumi·
525 3790 582 3845 enit
600 3793 681 3847 codd.
1280 3780 1283 3797 '

267 3879 271 3888 '
295 3885 339 3939 tt.
374 3883 620 3953 [eJcognorccndr'r
639 3885 730 3944 redum
750 3886 914 3957 Prepotltio
926 3887 1229 3959 ateretottmspir.
1253 3883 1295 3937 l't·

225 3982 281 4033 tort
305 3976 448 4032 ablatione
465 3975 581 4030 breuior
600 3974 706 4046 potitur
723 3976 803 4046 queri
828 3977 1046 4036 inttrnrnentnta
1073 3979 1226 4051 uoluptati·
1242 3989 1293 4046 per·

226 4069 359 4140 cipieade
375 4067 547 4140 tiguillcere.
589 4069 699 4122 dierunt
718 4070 821 4126 ediditt
858 4073 886 4124 r'n
905 4073 1113 4142 cognoscendit.
1153 4075 1225 4126 'l'nnr
1237 4081 1293 4137 μ’·

228 4162 313 4214 timot
331 4164 401 4230 (qno
418 4161 500 4214 ucrlti
519 4162 602 4216 modo
621 4160 743 4233 querito·
765 4162 924 4233 uoluptati·
942 4164 1035 4235 megin
1052 4163 1229 4236 coniungitur
1243 4171 1294 4211 unt

228 4251 436 4322 magnitudine)
458 4255 552 4322 ploret
570 4262 681 4309 atteror
700 4255 836 4310 editionet
855 4258 942 4323 (ileu.
964 4272 992 4310 ι.
1011 4255 1097 4324 lidi),
1116 4259 1224 4324 Creuit
1241 4263 1295 4320 Μ’
