2788 4886
490 295 745 365 nummum.
1110 296 1172 365 LV

78 487 208 550 mutim
234 481 407 550 ciceronio
437 488 485 550 itu
505 483 734 570 persequitur,
777 492 816 546 ut
845 499 933 569 eope
963 501 1058 563 enm,
1098 503 1169 569 qne

78 589 202 676 probet,
215 589 408 676 inprulrure,
434 609 506 678 quur
528 600 639 676 neget,
663 586 857 670 udlirruure,
876 603 986 654 narret
1009 591 1169 656 omnium-

76 719 137 782 que
156 696 410 783 tuetptiuamru
436 695 567 761 decretu
589 697 736 774 minuunt,
759 715 826 760 nun
848 716 922 762 rum
946 711 1056 762 entem
1074 717 1169 762 etrur-

74 803 173 868 nndu
196 804 249 868 itu
280 805 392 868 numiu
415 802 605 882 rnnlnndit,
651 803 820 870 notionem
842 801 970 870 nullum
994 817 1110 870 tenent
1133 817 1168 868 et

74 911 156 974 iutra
179 911 326 976 eundern
347 908 522 974 uerlmrum
543 905 703 974 ambitum
725 911 759 974 in
781 907 848 975 line
869 911 945 976 initi
958 909 1169 992 oblinitounu,

75 1030 109 1080 ut
128 1019 193 1082 uix
214 1019 249 1080 ei
275 1030 420 1082 merrtem
448 1017 635 1081 mortitium
662 1016 787 1080 eredes.
834 1015 945 1104 Atque
967 1018 1037 1084 hmo
1058 1021 1168 1084 omniu

76 1135 217 1188 exurunt
236 1122 362 1212 ubique
384 1125 584 1208 turpiorum
605 1123 782 1188 uerborum
813 1122 967 1192 herberie
995 1138 1029 1192 et
1059 1125 1168 1192 uolue-

74 1231 250 1296 duma
272 1230 442 1296 foeditate.
509 1228 551 1292 Et
572 1241 683 1293 tumen
713 1251 810 1316 quum
840 1250 879 1296 te
908 1234 981 1320 ipse
1012 1223 1167 1319 magnum

76 1333 285 1424 philologum
306 1337 527 1414 deerenituet,
562 1337 679 1420 queuis
697 1339 820 1422 pnginu
842 1339 950 1404 ''nirou
971 1338 1085 1404 dootou
1108 1340 1168 1403 mi·

77 1443 182 1507 tter&
215 1465 367 1524 nuruum,
389 1441 465 1508 uliie
495 1443 595 1506 etium
625 1443 717 1506 niune
741 1455 811 1519 eutr
854 1441 938 1510 uilril
967 1449 1055 1510 enim
1086 1457 1168 1524 erut,

76 1550 156 1633 quot
178 1571 249 1616 nnn
269 1551 466 1638 eupediret,
511 1545 616 1628 utttl,
647 1547 688 1612 de
709 1569 774 1636 quo
798 1569 864 1615 nnn
888 1549 1011 1639 eliquit
1033 1550 1169 1629 dieunt,

77 1653 209 1720 riuilil
233 1653 326 1721 uliud
347 1668 431 1734 emt,
453 1674 553 1720 runnu
575 1665 632 1719 unt
656 1653 831 1737 libreria,
851 1657 893 1722 de
923 1677 1062 1746 qnorum
1085 1658 1169 1722 iudi·

79 1761 135 1824 eiir
155 1773 193 1825 et
212 1758 367 1828 urtifiuiiu
387 1764 530 1851 permira
552 1761 669 1842 trudit,
695 1783 833 1848 erepeno
856 1777 914 1829 ent
936 1759 1168 1852 purtieulurnnr

79 1886 177 1932 neuen
198 1869 421 1934 etiuuutlitue
442 1864 714 1954 uignifieutiouee.
749 1868 896 1936 Omnino
910 1871 1070 1956 quodum,
1093 1888 1167 1956 qum

79 1972 322 2058 perturbetioue
346 1987 380 2042 et
414 1975 629 2060 peruersitate
660 1993 794 2040 remum
823 1994 1029 2042 nummuuem
1062 1977 1169 2040 oliuu·

77 2077 168 2160 dum,
213 2093 346 2160 umen,
388 2081 618 2166 utperrpiene
640 2077 846 2164 explieetur,
888 2083 923 2145 in
946 2103 1010 2168 qun
1031 2082 1075 2145 eit
1095 2101 1169 2167 per·

79 2190 216 2254 nemim
240 2199 276 2252 ut
297 2186 650 2267 naturamnaturaim
671 2185 806 2274 aliquod
826 2183 1035 2265 deriderunt3
1057 2189 1169 2274 imque

79 2313 121 2356 ex
138 2295 201 2374 iis,
244 2295 303 2380 qui
325 2293 439 2358 eudem
468 2293 591 2379 ruripta
620 2306 736 2382 purten
763 2305 945 2360 uurturuur
974 2295 1168 2360 munerun

80 2417 134 2464 uer
152 2401 220 2487 ipui
242 2399 420 2466 mnodum
440 2397 614 2465 diuleetieu
642 2413 714 2466 ertu
736 2400 863 2483 inbuti,
904 2405 1004 2468 etium
1025 2400 1167 2489 pruden-

79 2507 192 2588 tiore,
238 2527 340 2594 quom
374 2509 423 2572 itu
458 2505 695 2573 incredibiliter
733 2505 938 2574 Goerenuiue
977 2519 1167 2597 ungeretur,

79 2624 112 2676 ut
134 2613 265 2680 nullon
295 2615 494 2680 uertentium
524 2612 645 2680 elioere
686 2635 732 2680 ex
771 2619 843 2682 eino
877 2615 989 2682 nerltie
1020 2625 1167 2704 puerunt,

77 2716 228 2784 rultile’rro
247 2741 326 2786 eum
348 2741 446 2808 ponor
467 2726 580 2786 παρῆκε
599 2719 770 2808 disputare
792 2721 992 2805 iudicabunt,
1013 2734 1050 2786 ut
1069 2717 1167 2786 Orel-

78 2820 136 2888 liur
158 2826 204 2892 ed
229 2825 285 2904 V,
307 2827 373 2907 tt,
396 2847 461 2914 qne
483 2826 560 2893 leno
581 2829 654 2914 ipre
677 2831 812 2916 egregie
836 2850 950 2896 uerum
972 2830 1166 2913 ueriptnruut

78 2932 263 2998 eendienro
285 2935 437 3020 uestigiis
462 2935 600 3000 inuenit.
644 2934 801 3000 Pruetitit
819 2935 890 3002 iere
911 2933 1074 3012 Orelliue,
1093 2950 1165 3018 quie

78 3041 245 3124 experturi
266 3041 302 3105 iu
323 3041 485 3108 eiusmodi
507 3061 586 3106 euru
608 3052 642 3105 et
663 3039 787 3107 tulilmu
807 3039 964 3108 uubeidiie
992 3060 1053 3123 pur
1085 3049 1166 3116 erut,

77 3164 132 3210 neu
159 3168 288 3231 puunnr
328 3144 494 3214 (iuerenzi
532 3161 630 3236 etque
658 3149 758 3214 etium
790 3147 931 3214 uliornrn
958 3163 1088 3211 erroret
1116 3143 1166 3207 ui·

79 3253 154 3316 teuit
175 3254 360 3340 prudenter
374 3269 407 3320 et
430 3257 588 3335 correxit,
609 3254 756 3342 quartum
772 3275 859 3325 noun
881 3265 938 3320 unt
960 3275 981 3318 n
1001 3249 1165 3320 Lumbinu
1239 3282 1241 3292 ·

78 3354 215 3446 uliiuqde
245 3362 383 3426 iuueutn
414 3360 474 3426 ned
503 3375 619 3448 purten
646 3360 799 3450 negleotu
829 3359 970 3435 eddidit3
1014 3377 1122 3424 rerum
1146 3377 1166 3421 tt

79 3457 235 3530 Cicerone
268 3477 480 3533 metaturum
513 3466 719 3535 subtiliorem
749 3467 918 3534 eGrrreir
941 3463 1090 3531 lontibnu
1111 3483 1166 3529 eu·

77 3571 255 3652 guitioueur
273 3571 316 3638 nlr
330 3595 372 3640 en
393 3593 460 3640 nun
482 3577 554 3640 inre
569 3575 730 3663 postulet,
752 3578 809 3663 qui
823 3571 1026 3663 singularem
1046 3573 1081 3635 iu
1104 3569 1166 3634 lmo

76 3697 191 3760 gruere
214 3680 412 3768 scriptorum
420 3679 590 3748 Ciceronis
610 3703 746 3769 eperum
768 3703 891 3768 ponere
912 3701 977 3746 nnn
1000 3679 1165 3744 demetiu-

77 3796 137 3860 ert3
155 3786 199 3852 de
221 3789 372 3853 erutione
394 3786 514 3858 Lutine
535 3801 569 3854 et
588 3788 686 3854 rebus
709 3791 931 3878 grammaticis
952 3785 1065 3877 paullo
1088 3804 1165 3849 oon-

75 3895 209 3958 stuntiue
242 3894 400 3960 iudicium
423 3894 497 3975 hie,
542 3896 698 3976 uraithi,
742 3917 806 3961 non
829 3897 982 3961 inmerito
1006 3891 1165 3977 reqtriruu.

76 3993 149 4062 Port
169 3999 339 4066 Orellium
362 3999 422 4065 hoe
443 4000 547 4068 libros
572 4003 673 4068 edidit
696 4003 732 4068 F.
757 4001 798 4068 U.
821 4000 922 4083 Otto,
950 4000 1044 4064 enine
1066 4015 1167 4084 opera

76 4101 139 4168 lere
161 4107 197 4170 iu
220 4127 261 4171 en
284 4119 545 4196 consumpturi,
589 4121 645 4190 nt,
677 4111 847 4197 exeerptir
868 4121 902 4174 et
924 4103 1057 4170 selectis
1079 4099 1166 4170 Gne·

77 4211 160 4276 rrnzi
185 4213 293 4292 notin,
330 4214 464 4280 adderet
485 4217 556 4280 uine
579 4213 648 4282 ullo
670 4215 799 4282 delectu
820 4213 861 4278 de
882 4210 982 4278 rebus
1002 4231 1165 4298 grammu-

79 4315 145 4382 tirir
179 4329 237 4384 unt
271 4323 460 4408 perurgetis
489 4335 546 4390 nui
568 4343 673 4410 nuper
702 4321 835 4412 ugitutie
872 4341 917 4386 ex
947 4315 1168 4386 conterraneis
