2728 4878
308 276 368 342 ΕΤ
391 275 500 342 MAL.
522 277 607 342 Ltu.
631 277 645 342 l
669 277 765 343 CAP.
787 281 836 341 lo.
1068 281 1130 344 1⁰5

61 473 141 560 diligi
159 485 190 536 et
212 493 323 538 cerum
347 494 419 536 esse
449 473 624 538 iucundum
648 487 678 538 et
700 487 892 559 propterea,
938 473 1014 558 quie
1032 475 1130 538 tutio·

60 603 116 646 rem
139 583 235 644 uitem
258 591 292 642 et
314 577 494 665 pleniorem
519 579 723 668 uoluptatem
747 579 864 645 ecficit.
925 577 1039 665 ltaque
1065 601 1129 644 non

59 687 95 750 ob
116 709 150 750 ee
167 685 271 750 solum
297 686 522 765 incommode,
554 676 642 773 quue¹
656 691 814 752 eueniunt
837 684 1002 772 inprobis,
1043 687 1131 771 fugi·

59 793 159 856 endem
189 789 418 877 inprobitatem
450 807 622 878 putemne,
667 795 725 856 sed
753 791 855 856 multo
885 795 982 856 ctiam
1013 796 1129 879 mugio,

59 899 151 984 quod,
180 900 273 961 cuius
295 900 328 960 in
353 900 461 962 auimo
483 915 653 980 uersatur,
685 921 860 986 numquam
883 901 961 962 sinit
983 921 1056 962 eum
1078 921 1129 962 re-

57 1007 185 1090 spirare,
210 1024 386 1089 numquam
408 1008 626 1091 acquiescere.
667 1007 720 1070 54.
741 1005 836 1083 Quod
871 1007 897 1068 si
924 1027 964 1068 no
987 1007 1129 1091 ipserum

58 1113 170 1195 quidem
196 1112 354 1174 uirtutum
379 1110 470 1190 laus,
519 1115 551 1176 in
583 1135 645 1198 qun
669 1135 823 1177 maxume
856 1125 1037 1176 ceterorum
1060 1111 1132 1197 pbi-

57 1215 252 1302 losophorum
277 1217 406 1282 exultet
430 1220 557 1298 oratio,
589 1223 733 1305 reperire
754 1232 861 1306 potest
882 1220 1028 1297 exitum,
1067 1219 1130 1280 nisi

58 1323 201 1407 dirigatur
226 1323 266 1386 etl
291 1323 514 1410 uoluptatem,
549 1323 703 1410 uoluptas
726 1341 832 1389 nutem
859 1339 888 1389 st
911 1323 1003 1404 cole,
1048 1345 1131 1408 quue

59 1449 108 1492 noe
133 1443 226 1492 uocet
257 1429 297 1492 etl
334 1443 421 1494 sect
443 1430 575 1495 ndlicint
607 1445 722 1518 suapte
755 1446 890 1510 nature,
936 1452 1001 1494 nou
1024 1441 1133 1515 potest

59 1557 119 1598 esse
138 1533 283 1615 dubium,
307 1538 384 1621 quin
404 1537 434 1600 id
460 1539 502 1600 eit
524 1557 683 1601 summum
707 1551 803 1624 atque
826 1551 1007 1601 extremum
1030 1533 1131 1598 bono·

61 1663 118 1704 rum
140 1645 300 1722 omnium,
321 1641 480 1728 beateque
503 1647 617 1707 uiuere
643 1642 725 1707 nihil
756 1642 845 1730 eliud
869 1645 929 1720 eit,
969 1644 1033 1706 nisi
1057 1661 1130 1704 cum

60 1747 210 1832 uoluptate
231 1749 356 1811 uiuere.

133 1851 243 1918 xvlt.
285 1855 337 1917 bb.
381 1852 468 1918 Huic
489 1868 597 1919 certae
629 1853 805 1941 stabilique
835 1857 1016 1918 sententiae
1048 1851 1163 1938 qune'

59 1957 317 2036 sintcouiuncta‚
361 1958 536 2044 explicabo
568 1959 673 2024 breui.
731 1959 852 2024 Nullus
881 1964 914 2024 in
938 1963 1019 2046 ipsis
1041 1981 1131 2022 error

60 2077 101 2124 est
121 2061 236 2128 finibus
258 2064 415 2130 bonorum
441 2079 474 2128 et
507 2065 686 2144 malorum,
729 2067 760 2128 id
793 2079 862 2144 est,
904 2064 1131 2150 inuoluptate

60 2183 106 2230 eut
125 2171 154 2232 in
177 2170 310 2250 dolore,
333 2170 390 2234 sed
413 2173 446 2234 in
470 2173 510 2234 iis
534 2168 632 2234 rebus
658 2185 813 2257 peccunt,
837 2193 953 2258 quom,
974 2193 992 2234 e
1015 2169 1138 2256 quibus,

61 2271 130 2338 buce
152 2274 361 2358 ecficieutur,
406 2279 570 2364 ignorant.
619 2278 731 2342 Animi
757 2293 864 2343 eutem
891 2277 1077 2364 uoluptates
1100 2287 1132 2339 et

104 2441 215 2497 tutiorem)
229 2451 255 2488 et
266 2451 315 2488 tot.
331 2444 350 2488 li
391 2445 521 2504 pleniorem
538 2445 582 2492 nol.
598 2445 654 2500 ccl.)
670 2446 722 2490 ool.
738 2448 779 2502 eff.
791 2445 859 2503 plen.
876 2443 1030 2490 uumcuor.
1072 2442 1131 2500 quod

60 2515 271 2574 mlnrlrpttnurc
337 2521 372 2567 ot.
388 2523 427 2574 ne)
443 2534 492 2566 oon
506 2522 596 2568 uentu
637 2525 889 2582 paternorumque.
905 2523 926 2566 Β
969 2525 990 2565 rt
1006 2521 1063 2574 cole)
1078 2519 1132 2564 rodo

62 2593 173 2638 ruben.
187 2595 275 2640 rodat}
307 2603 376 2641 uocet
391 2597 420 2642 cd
435 2609 461 2642 rc
476 2597 568 2652 eterit.)
583 2599 625 2641 cll.
644 2605 739 2644 etcoc.
754 2599 861 2644 adsela
889 2611 942 2643 crte
959 2598 1021 2651 dub.)
1036 2597 1093 2644 dud·
1109 2611 1130 2642 α.

61 2667 76 2710 l·
99 2669 247 2726 turtututt
276 2673 343 2728 nibil)
358 2674 429 2718 ntlc
489 2673 524 2721 55.
539 2678 579 2718 eut
594 2674 628 2728 lu)
643 2674 721 2719 autb
750 2674 984 2728 ttutussut’ttor.

114 2829 261 2896 pleniorem
280 2831 450 2898 uoluptatem
470 2831 573 2898 reficit)
609 2830 656 2886 Sic
674 2831 760 2884 etium
778 2832 870 2904 Spin,
906 2834 971 2886 Gud
996 2831 1015 2886 2
1042 2834 1132 2901 (”trro

60 2919 183 2986 potiorem
201 2921 285 2987 (hili
306 2941 355 2992 lter
371 2939 403 2976 oc
421 2925 494 2977 ulter
514 2925 583 2977 ordo
603 2924 693 2978 nihilo
712 2925 853 2990 deterior,
871 2924 1016 2979 concutior
1034 2929 1132 2978 etium.

116 3013 283 3083 covau,
301 3013 345 3067 ⁵5.
369 3014 423 3067 Sed
441 3017 468 3066 io
485 3016 621 3084 iicrcbur)
639 3017 678 3070 lie
686 3017 807 3070 debebat
815 3017 927 3070 deliniri
936 3017 1045 3071 odieclo
1055 3018 1132 3070 rele·

61 3101 122 3158 tino:
139 3109 259 3176 equuus
273 3107 332 3158 boec
347 3107 521 3174 ecficr'untor,
541 3109 602 3161 uel=
627 3111 706 3175 refici
721 3116 832 3178 putant.
863 3110 983 3164 Dolleuit
999 3109 1089 3164 ortelio
1099 3127 1132 3162 eo

61 3211 159 3264 gerere,
176 3201 282 3271 dequo
302 3199 337 3253 ed
348 3200 384 3265 ll,
400 3199 570 3266 dlltlicetur;
588 3200 683 3270 iteqne
697 3201 725 3254 io
741 3202 1063 3256 iirredueeetlereinec.
1090 3201 1132 3254 Eo

62 3290 158 3356 pronior
178 3298 241 3346 erut
260 3292 319 3354 loir,
339 3291 470 3362 quonium
490 3293 547 3346 ulio
567 3295 689 3347 retertur
707 3295 774 3348 boec.
810 3297 872 3348 Duo
893 3293 945 3348 Gui
965 3294 1008 3348 iic.

118 3383 205 3436 Animi
228 3391 319 3436 cutem
350 3385 518 3454 uoluptates)
558 3387 691 3439 Breuiter
725 3395 754 3440 ct
786 3395 850 3457 epte
883 3405 944 3440 rom
978 3387 1133 3458 conplecti·

60 3479 95 3526 tur
110 3475 236 3530 Clcmcnr
254 3477 461 3532 utexandrinu·
480 3478 507 3530 ll
526 3477 661 3533 Stromct.
679 3499 707 3550 p.
727 3479 779 3532 tut
799 3480 896 3549 Sym:
927 3477 942 3534 d
959 3479 987 3536 δὲ
1005 3477 1131 3536 ’Enauoii-

62 3581 97 3633 ρας
117 3563 205 3624 tricor
236 3573 322 3638 χαράν
353 3565 399 3638 τῆς
429 3563 515 3642 ψυχῆς
540 3571 624 3626 οἴεται
658 3569 701 3626 e'rrl
734 3571 959 3648 πρωταπαθαῦαῃ
991 3571 1026 3649 τῇ
1056 3579 1134 3642 capul

59 3661 176 3724 γίνεσθαι.
199 3661 478 3734 ltequel’lutorclrnu
497 3663 572 3731 (Non
592 3682 673 3734 poree
691 3665 817 3716 ennuffter
837 3665 920 3718 &cc
948 3668 964 3718 d
983 3686 1009 3734 p.
1018 3663 1086 3718 1⁰88
1096 3666 1133 3730 E)

62 3749 198 3818 Epicureae
222 3752 332 3808 inducit
354 3761 584 3826 μαρτυρουμένων
601 3763 645 3810 καὶ
669 3748 805 3828 βοῶντας,
844 3751 878 3813 olr
894 3754 934 3810 ἐπ’
953 3754 1037 3812 oldcul
1063 3752 1133 3826 ψυχὴ

61 3841 101 3892 nir
116 3841 319 3916 iacentque
346 3851 447 3918 χαίρειν
470 3854 515 3901 καὶ
538 3847 688 3917 γαληνίζειν
712 3846 782 3918 πλήν
808 3847 850 3903 e'rri
878 3843 1001 3918 σώματος
1027 3842 1135 3913 ἡδοναῖς

61 3932 481 4008 παραίααισῆπρααδοκωμέναια.
516 3939 831 4012 etiamnullum,
868 3959 926 4010 que
947 3941 1020 3992 idcru
1041 3931 1146 4006 mugie'

60 4027 217 4082 articulatim
238 4029 418 4100 significant,
454 4035 743 4088 conmcruorubuntur
761 4035 796 4087 etl
817 4035 841 4086 ll
852 4072 860 4098 ‚
893 4035 911 4085 7
930 4037 958 4084 ct
976 4030 1134 4084 liletrotlorl

59 4117 85 4168 td
105 4125 147 4182 u.
173 4121 215 4176 92
272 4124 451 4195 Sequebatur
468 4125 522 4178 lmc
543 4126 699 4181 ueceemrio
720 4143 735 4177 e
753 4139 889 4195 corporeo
908 4121 994 4176 cnirui
1014 4129 1134 4191 nuturc,·

60 4223 143 4264 uerum
161 4215 259 4267 eedem
277 4216 434 4286 Epicurum
460 4217 619 4274 ineuitabili
637 4217 793 4290 inplicebot
811 4215 1015 4286 repugnantiu,
1050 4235 1134 4288 quom

60 4303 189 4372 propriam
213 4309 356 4378 quondum
391 4317 419 4365 el
442 4319 602 4384 roperntnm
631 4310 718 4367 enimi
746 4310 923 4378 uoluptatum
954 4314 982 4360 et
1009 4309 1134 4366 letitiam
