2788 4886
262 355 310 420 lV
685 347 939 418 PRAEFATIO.

263 537 373 604 codice
398 549 537 623 recepte
558 534 710 600 uidentur
731 537 898 622 scripture
923 535 1096 601 ureiiorurn
1114 538 1268 604 codicum
1293 565 1334 628 pr

262 648 363 734 price,
384 659 456 730 qure
486 645 520 708 in
551 641 775 729 superioribus
799 641 1000 708 editionibus
1024 665 1088 708 nou
1110 659 1205 723 eunt,
1256 663 1304 712 ut
1333 651 1334 658 ’

261 756 304 820 'tt
324 758 357 816 ri
374 751 502 837 pudor,
525 751 569 814 75
592 769 685 834 quoru
707 749 830 830 dicitis,
851 751 914 814 102
934 757 1102 836 quamuis,
1132 753 1196 817 lot
1218 773 1267 818 arr
1298 779 1334 842 qt

263 861 362 937 olim,
385 857 446 938 111,
468 860 490 922 2
511 876 669 922 necuere
690 860 740 920 ita
754 857 854 920 ollem
878 855 955 930 de,
979 856 1040 937 IV,
1060 861 1248 944 cinquant,
1276 863 1334 927 aii

263 967 454 1034 Reriesume
478 968 512 1030 in
547 965 695 1049 margine
727 965 813 1027 inter
843 963 964 1028 codicis
997 967 1176 1051 scripturus
1208 968 1334 1034 interu

262 1087 415 1153 secutur,
456 1093 528 1159 quee
550 1070 737 1135 coniectore
763 1081 839 1133 natu
862 1068 1109 1152 deprehendas,
1154 1085 1191 1134 ut
1215 1071 1278 1152 11,

264 1180 352 1266 quod
372 1177 659 1264 reprehenderent,
681 1178 725 1240 24
746 1195 877 1242 necetre
899 1183 968 1255 eet,
1010 1179 1054 1240 et
1077 1182 1143 1241 etri
1162 1184 1222 1264 qui
1239 1193 1334 1264 pote

263 1291 327 1352 117
347 1285 500 1352 docentor
525 1281 659 1367 (recte).¹

353 1391 442 1458 Illud
463 1394 497 1454 in
521 1411 561 1454 eu
582 1400 678 1452 {etate
700 1381 797 1452 incide
822 1397 1000 1472 expectes,
1042 1390 1205 1454 interdurn
1243 1392 1284 1454 in
1323 1419 1334 1460 ι

265 1502 347 1565 dicis
368 1501 530 1584 scripturo
552 1517 624 1560 curu
648 1507 803 1559 contextu
827 1496 1033 1580 conparando
1052 1494 1189 1581 aliquid,
1209 1502 1310 1582 quod

264 1607 410 1671 ordinem
434 1601 610 1668 uerborum
635 1598 797 1683 einrilieue
831 1604 987 1668 minuties
1011 1605 1195 1689 pertinent,
1218 1623 1294 1668 non
1324 1631 1334 1672 r

265 1716 306 1778 tir
329 1711 505 1798 diligenter
527 1730 600 1774 esee
623 1729 827 1794 expressum.
894 1709 985 1796 (ipse
1010 1709 1069 1775 bas
1095 1711 1283 1795 scripturus
1312 1738 1334 1778 e

265 1821 372 1903 cerpei
395 1838 456 1882 nec
479 1818 629 1903 cuiquam
653 1815 693 1878 de
724 1816 932 1896 iircredid13
975 1839 1016 1881 ne
1046 1815 1194 1882 Orellius
1225 1822 1334 1902 quide

265 1947 396 2011 semper
419 1945 563 1990 errorem
586 1926 668 1988 sutis
693 1923 791 1987 cauit.
806 1927 837 2000 ¹)

355 2031 393 2097 C.
437 2031 573 2114 (eadee
594 2031 749 2111 Mureti.)
794 2029 982 2095 Gulielmue
1002 2029 1164 2096 Moreliue
1183 2027 1334 2102 Tiletun

265 2143 298 2204 in
328 2137 607 2204 Obseruntionurn
641 2139 674 2201 in
705 2135 874 2200 Ciceronis
904 2136 1007 2203 libros
1038 2138 1078 2202 de
1109 2136 1251 2202 Finibus
1280 2167 1334 2210 cor

265 2247 425 2311 ruenturio
450 2246 568 2328 (Poris.
592 2247 692 2318 15403
728 2243 795 2306 uid.
818 2241 924 2306 Orell.
950 2241 1068 2308 Onorn.
1090 2241 1107 2304 I
1126 2266 1158 2327 p.
1178 2245 1262 2321 826)
1290 2273 1334 2316 us

264 2363 315 2416 est
338 2352 450 2416 codice
471 2350 618 2436 perbono
639 2361 671 2412 et
693 2370 738 2412 ex
768 2370 809 2412 eo
845 2347 965 2411 multas
999 2350 1177 2432 scripturus
1209 2359 1332 2430 prorui

263 2457 314 2521 Eo
338 2455 445 2536 libro,
476 2468 594 2542 proeter
618 2453 823 2541 Scaligerurn
847 2453 947 2540 (epod
972 2453 1147 2518 Gruterum
1174 2455 1213 2518 od
1234 2456 1270 2524 11
1297 2487 1327 2529 c.

178 2591 182 2598 ·
264 2577 297 2627 et
318 2586 347 2627 c.
371 2563 426 2646 21)
451 2575 484 2627 et
506 2559 670 2646 Guyetum
695 2561 793 2646 (opud
817 2559 1006 2644 Duuieiuru)
1031 2577 1127 2624 uento
1153 2582 1196 2625 ex
1223 2565 1283 2648 iis,
1313 2596 1334 2660 q

264 2670 304 2734 ud
327 2667 389 2733 boc
412 2667 581 2733 Ciceronis
604 2688 687 2754 opus
722 2667 958 2732 emendandum
989 2665 1111 2753 aliquid
1135 2670 1334 2742 contulerur

264 2797 343 2840 usus
369 2787 534 2839 eratnnte
559 2772 743 2850 Orelliuut3
768 2787 842 2862 post
868 2774 965 2854 bunc,
990 2777 1044 2861 qui
1070 2787 1102 2838 et
1121 2777 1253 2843 minore
1280 2807 1334 2869 qui

266 2883 339 2948 darn
368 2883 479 2946 omitit
504 2895 547 2960 et,
570 2893 606 2945 ut
627 2877 684 2962 fit,
707 2885 743 2947 iu
766 2881 935 2948 nonnuliis
959 2885 1099 2962 err-uuit,
1123 2904 1187 2968 ego
1212 2891 1332 2956 studio

215 3021 219 3028 ·
265 2986 400 3054 adhibui
423 2989 579 3077 quidquid
612 2987 653 3052 de
676 2990 786 3056 codice
809 2991 962 3056 traditum
995 3003 1075 3054 eret.
1146 2991 1310 3080 Secreui,

264 3119 323 3181 pur
347 3107 439 3174 eret,
485 3116 556 3182 qure
578 3092 739 3160 Morelius
761 3118 827 3161 non
850 3100 884 3161 in
909 3118 968 3160 suo
992 3097 1123 3172 codice,
1145 3098 1204 3162 sed
1227 3103 1335 3171 ''uiibi

264 3203 318 3266 ”iu
342 3201 418 3266 eliis
441 3200 556 3266 librir”
581 3199 650 3289 legi
674 3204 732 3268 nit.
785 3202 861 3290 lpse
889 3201 1052 3269 Mor-elius
1074 3204 1242 3273 interdum
1269 3213 1334 3279 ube

147 3381 151 3390 ¹
263 3329 355 3373 rasse
378 3311 595 3396 inscriptura
625 3311 789 3384 enutando
821 3311 970 3389 uidetur,
1012 3323 1049 3373 ut
1077 3308 1212 3391 111,15
1243 3320 1334 3408 (mog

264 3415 349 3478 idem
373 3415 539 3495 declaret,
567 3422 743 3498 critatem,
765 3438 844 3504 pro:
863 3418 949 3482 idem
972 3417 1140 3499 flecteret,
1162 3432 1274 3508 magu
1298 3451 1334 3494 ιιι

263 3525 402 3602 toturn),·
446 3524 610 3588 interdurn
632 3525 679 3602 is,
712 3538 747 3588 ut
768 3523 845 3604 olii,
891 3537 1017 3590 tuntum
1041 3537 1167 3609 partem
1190 3533 1334 3617 scriptur

264 3628 385 3692 codicir
407 3633 536 3713 posuit,
580 3644 616 3694 ut
637 3629 688 3711 11,
713 3635 767 3719 Q.
830 3631 925 3718 Saepe
950 3655 1051 3719 parua
1076 3631 1233 3712 adnotat;
1282 3641 1334 3707 alii

264 3757 419 3801 maxume
442 3739 670 3822 praeterrnittit.
694 3756 696 3760 ’

354 3840 397 3907 Ι).
440 3843 596 3923 (Codices
632 3843 795 3926 Gruteri.)
866 3842 965 3908 Inuus
997 3843 1159 3911 Gruterus
1191 3851 1238 3931 (a.
1263 3854 1334 3916 1611

264 3970 327 4012 sex
352 3970 430 4014 usus
453 3962 503 4014 eet
525 3949 691 4015 codicibus
721 3949 898 4028 Palatinis,
945 3974 1082 4038 quorum
1115 3953 1258 4037 primurn
1289 3961 1334 4024 iur

262 4054 375 4120 inudnt
395 4070 430 4121 ut
448 4070 629 4144 optumum,
650 4058 853 4142 eundemque
871 4061 1038 4144 antiquom
1057 4057 1159 4121 fuisse
1181 4063 1334 4148 significa

262 4161 346 4226 Eum
372 4162 532 4230 Gruterus
557 4167 590 4230 iu
613 4163 688 4229 libr.
713 4163 763 4228 IV
788 4169 806 4244 ς
836 4166 879 4227 lt
912 4162 1010 4228 huius
1040 4165 1208 4250 scripturae
1240 4181 1334 4236 tester

262 4305 493 4321 ἡ

283 4375 311 4442 ¹)
332 4375 375 4428 De
392 4373 523 4434 Uictoria
543 4389 571 4435 ct
592 4381 623 4436 C.
644 4379 789 4454 Stephano
809 4377 924 4434 dicetur
940 4387 1056 4454 posteo.
