2788 4886
303 313 338 378 X
726 309 979 378 PRAEFA'HO.

301 517 320 560 e
346 518 404 583 pro
425 499 569 580 nigrore
589 494 663 576 de),
702 515 808 580 neqne
829 508 938 560 tamen
962 495 1031 561 uida
1052 497 1174 562 codicis
1192 493 1323 560 lacuna

300 615 441 666 notatur.
484 599 628 667 Omnino
652 598 785 666 ailentio
818 595 967 667 oodieam'
992 601 1244 667 oxoniensium
1268 623 1323 689 pro

299 711 453 773 etirnonio
475 710 523 772 uti
543 707 876 794 inprudentissnnrnrn
898 721 940 772 et.

387 814 473 900 (Ego
496 816 530 877 in
555 814 606 878 hie
630 811 797 879 codicibus
818 811 914 876 Oxx.
945 835 1025 878 uene
1047 835 1119 878 cnm
1142 812 1313 898 exemplo

299 921 383 985 lensi
409 923 453 985 ite
476 933 512 983 nt
534 919 662 983 Olineti
692 920 871 984 editionem
901 919 1102 985 adhiberem.
1145 918 1212 986 Uel
1236 922 1289 982 sic
1314 941 1323 982 ι

298 1028 372 1092 darn
396 1047 461 1092 non
483 1027 637 1091 adcurate
661 1025 708 1090 ibi
741 1027 905 1112 descripta
928 1049 1020 1106 ease,
1043 1029 1125 1092 ecio.
1186 1025 1259 1092 Sed
1284 1025 1323 1088 ili

298 1133 430 1198 iliorum
453 1134 600 1198 codicum
622 1135 724 1212 ratio,
755 1147 905 1222 utreque
932 1134 1041 1197 animo
1063 1135 1228 1198 carnerim
1252 1133 1324 1196 edit

297 1243 369 1328 ipen
387 1240 596 1321 Oxonienai.)

384 1347 428 1411 H.
471 1347 626 1427 (Codicer
641 1345 829 1432 Goerenzi.)
875 1345 924 1411 lo.
947 1345 1036 1432 Aug.
1050 1344 1260 1410 Goerenzine
1283 1347 1323 1428 (lt

295 1473 374 1518 ιιιιιι
398 1466 448 1517 ιιι
469 1453 581 1517 codice
602 1451 819 1539 Erlangenei,
850 1473 945 1540 quern
967 1455 1037 1538 ipae
1059 1451 1219 1531 contulit,
1266 1453 1309 1516 de

295 1560 406 1624 oodioe
431 1572 504 1646 post
526 1561 651 1639 dicam,
674 1557 943 1644 Guelferbytanis
964 1557 1113 1638 duchac,
1156 1579 1300 1644 quornm

294 1667 426 1731 dianam
459 1665 472 1729 Ι
504 1667 583 1730 dicit
617 1664 722 1730 seculi
755 1667 861 1750 quinti
893 1665 1021 1729 decnmi
1047 1665 1170 1744 iuieee,
1195 1664 1323 1730 Gudinn

293 1770 325 1836 li
348 1771 555 1858 Heusinger,
602 1775 657 1858 qui
681 1769 792 1836 Gueli.
814 1775 833 1835 l
856 1770 1020 1857 appellet,
1041 1773 1076 1835 in
1098 1771 1294 1856 praefatione
1321 1797 1323 1830 ι

295 1881 393 1943 tionis
414 1877 571 1943 librorum
594 1878 635 1941 de
659 1877 729 1942 off.
759 1901 791 1964 p.
819 1876 907 1942 XVI
929 1889 1172 1952 conmemorat,
1218 1877 1323 1942 Brenn

292 1987 390 2071 qnia
413 1984 467 2049 Fr.
492 1984 534 2049 A.
558 1981 687 2052 Wolfio
710 1983 929 2049 conlationem
953 1986 1025 2047 eine
1060 1998 1234 2070 acceperat
1256 1999 1290 2049 et
1314 2005 1323 2048 ι

291 2093 469 2176 scripturae
493 2090 545 2154 hio
568 2089 638 2156 iliic
659 2093 693 2154 in
722 2113 783 2156 aaa
807 2091 951 2156 editione
980 2091 1125 2174 profert,
1169 2089 1323 2154 inlibris

292 2197 414 2261 finibue
446 2221 466 2260 n
505 2195 702 2284 neglegente
740 2197 914 2262 admodum
953 2195 1089 2261 librario
1120 2200 1278 2283 scriptum
1319 2219 1323 2262 ι

292 2317 452 2390 praeterea
475 2302 680 2368 Goerenziue
702 2301 818 2366 habuit
847 2305 1025 2389 scripturae
1057 2303 1195 2369 deornm
1222 2305 1323 2368 codici

149 2429 151 2434 ·
293 2411 460 2494 Spirensis
485 2422 518 2472 et
541 2407 760 2488 ΒιιίΙιιιιιίι,
797 2431 817 2472 a
841 2407 999 2494 Wegeiio
1027 2409 1168 2494 quodem
1190 2408 1323 2474 Baeilea

291 2519 375 2580 lm
404 2514 522 2600 piene,
570 2527 606 2578 ot
636 2516 787 2594 uidetnr,
829 2528 862 2578 et
890 2515 1067 2600 diligenter
1090 2528 1266 2602 excerptae
1288 2531 1323 2580 et

291 2623 439 2707 margine
471 2621 618 2704 exempli
650 2620 836 2685 Manntiani
863 2643 893 2685 ι.
932 2625 1017 2687 15θῦ
1048 2623 1275 2705 adnotatae;¹)
1320 2643 1323 2708 ι

291 2741 412 2792 atremo
434 2730 468 2792 in
497 2725 590 2792 libris
619 2726 748 2791 dnobus
778 2731 955 2812 postremis
983 2730 1096 2794 ederat
1122 2733 1289 2816 eoriptnrae
1319 2751 1323 2792 ι

290 2835 390 2899 rietes
413 2855 431 2897 e
461 2834 573 2898 codice
601 2831 795 2898 Monacenri
819 2855 851 2897 n.
873 2837 938 2899 828
962 2835 1098 2919 (eeneii,
1132 2850 1169 2901 ut
1193 2835 1272 2900 mihi
1295 2857 1323 2902 ιι

289 2953 379 3024 ptntn
400 2951 441 3019 et,
465 2937 548 3022 XV)
571 2959 591 3002 a
613 2939 667 3003 Fr.
690 2940 738 3004 X.
765 2939 921 3006 Weriero
943 2955 1087 3007 enotata.
1133 2943 1197 3008 Sed
1222 2961 1323 3030 querno

290 3046 420 3111 randum
442 3041 647 3108 Goerenzine
668 3046 702 3107 in
726 3057 796 3108 toto
819 3044 882 3112 hoc
903 3051 1037 3134 negotio
1068 3049 1233 3114 codicibna
1262 3063 1323 3114 utet

288 3165 439 3215 nersatne
462 3152 525 3228 eit,
549 3151 578 3212 ai
599 3151 712 3234 paucis
736 3151 876 3232 dixero,
900 3175 1035 3234 uereor,
1082 3169 1117 3219 nt
1141 3156 1323 3241 turpitudini

288 3257 394 3344 flagiti
414 3257 495 3319 aetia
519 3255 758 3337 demonstrem,
781 3261 832 3322 ein
854 3272 964 3324 nutem
988 3259 1138 3347 pluribus
1160 3263 1264 3326 dicere
1282 3265 1323 3326 int

288 3385 383 3450 pero,
406 3360 658 3445 neeuperflnnrn
681 3385 814 3450 operam
834 3369 1013 3454 enmpeieae
1030 3368 1156 3432 uidear.
1190 3367 1301 3432 Dicam
1321 3385 1323 3430 ι

288 3489 375 3546 rnen,
388 3480 544 3552 qnantum
565 3489 619 3531 rea
637 3469 791 3554 postulat,
814 3491 855 3534 ne
875 3485 931 3536 ent
954 3473 1085 3538 demea
1108 3472 1173 3537 fide
1197 3474 1323 3538 dubitet!

287 3572 446 3660 quoinde
470 3592 535 3636 nno
562 3577 841 3658 prestentieenmo
871 3579 983 3643 oodioe
1012 3583 1129 3665 qnenie
1160 3581 1226 3644 iere
1249 3582 1320 3666 pagi

284 3700 393 3745 meum
415 3679 637 3743 testimoninm
661 3703 680 3744 a
707 3678 870 3748 Goerenzi
899 3683 1081 3772 discrepet,
1126 3707 1208 3760 neue
1237 3689 1323 3772 inper

284 3788 381 3852 certis
411 3783 659 3850 errotoritetibne
692 3788 823 3854 inanem
864 3793 1009 3876 speciem
1046 3791 1192 3856 oodionm
1222 3790 1323 3856 Goere

284 3894 452 3956 zianornm
475 3905 640 3976 opponant
662 3905 696 3958 et
719 3913 765 3958 ex
784 3895 856 3960 eine
875 3895 1042 3962 erroribus
1066 3919 1169 3962 nouos
1191 3920 1323 3986 procreet

306 4143 334 4211 ¹)
355 4143 441 4198 lianc
458 4142 582 4209 libram,
604 4161 661 4216 quo
681 4143 858 4200 (ἶοιιιιιιὶιιι
877 4147 963 4202 etim
981 4147 1013 4202 in
1030 4146 1207 4203 Academicis
1223 4167 1287 4204 ιιιιιι
1304 4169 1323 4206 ιι

350 4253 490 4308 nmquam
508 4235 589 4302 dicit,
606 4235 684 4292 unde
700 4235 841 4294 hebuerit
877 4241 940 4313 Epo
959 4240 1113 4316 quamdo
1126 4257 1178 4314 per
1192 4241 1323 4300 linono

349 4329 393 4385 hil
411 4328 545 4402 conperi,
558 4329 618 4386 niei
636 4347 730 4405 neque
747 4329 850 4406 Lipsiae
868 4349 961 4407 neque
979 4333 1141 4390 Zuiocaniae
1160 4351 1225 4392 cere.
