2788 4886
278 273 301 334 8
617 271 676 336 DE
698 268 876 340 Ptn'ltttts
900 271 1000 338 Bou.

282 465 354 527 aina
377 459 440 528 hoe
462 461 599 532 difficile
622 479 672 545 at,
717 477 825 532 tatnen
854 490 915 533 nee
944 469 1059 534 modus
1091 483 1142 536 eat
1169 469 1275 536 ullus
1310 475 1330 536 it

284 567 428 655 stigandi
452 571 535 649 ueri,
557 573 619 635 nisi
644 573 822 654 inueneris,
846 587 879 638 et
898 577 1075 661 quaerendi
1098 577 1313 664 defetigatio

282 675 335 760 pia
359 687 429 754 est,
475 697 572 761 quom
593 678 649 758 id,
687 680 772 764 quod
804 683 992 767 quaeritur,
1034 685 1077 745 uit
1101 682 1330 768 pulcherrum

285 780 415 846 Etenim
438 783 469 846 ai
492 782 714 862 delectamur,
738 807 835 872 quom
861 785 1048 867 aeribirnut,
1069 791 1142 873 quia
1168 803 1225 855 eat
1253 803 1330 854 tam

286 885 405 966 uidua,
440 889 495 975 qui
519 886 561 952 ab
586 910 625 952 eo
652 911 711 956 nos
733 892 891 957 detinenti
915 895 964 956 ain
991 891 1203 976 laboremne,
1228 899 1312 982 quis

287 995 342 1079 qui
363 990 493 1058 alienae
515 994 648 1059 modurn
674 1011 796 1062 statuat
814 998 1017 1064 industriaet
1037 997 1123 1064 Nam
1150 1015 1186 1065 ut
1212 1001 1330 1066 Teren

260 1119 349 1162 .nna
372 1097 530 1163 Chremes
562 1121 628 1164 non
661 1102 878 1182 inhumanus,
923 1100 1121 1195 qui‘nonom
1144 1110 1305 1173 uioinnm

288 1204 360 1270 uult

381 1307 512 1378 Fodere
532 1320 593 1376 aut
612 1333 711 1378 arare
736 1323 797 1379 ant
815 1315 946 1400 aliquid
956 1313 1058 1393 ferre
1079 1317 1237 1405 deumne,

342 1533 379 1574 eat
393 1529 463 1584 ultra)
479 1528 547 1574 utine
562 1535 600 1576 ert
614 1529 636 1574 R
677 1530 780 1586 tanturn)
794 1533 932 1579 timidueit
974 1534 1081 1589 retreat)
1100 1537 1213 1582 attineat
1234 1533 1330 1582 LPMG

287 1604 350 1658 nam)
366 1616 415 1649 nen
429 1603 449 1650 Ρ
465 1617 481 1649 ι
498 1605 663 1664 petronnano.

305 1835 307 1840 .
358 1793 468 1848 Etenim
487 1791 555 1862 dee.)
574 1794 637 1850 Non
656 1796 691 1850 ιιι
711 1814 878 1868 proxumum
897 1798 1067 1856 tentantium
1086 1801 1145 1856 hnc
1158 1800 1236 1856 ratio
1256 1797 1330 1872 perti

287 1885 336 1939 aad
366 1885 403 1939 ad
443 1885 566 1957 primam
602 1888 784 1957 quertionern
810 1891 845 1944 de
874 1892 1068 1948 moderatione
1100 1894 1285 1960 annianum
1326 1911 1330 1950 t

287 1976 431 2046 particula
459 1979 556 2032 etenim
581 1979 690 2034 utimur
721 1998 778 2036 non
808 1989 867 2036 tarn
901 2001 986 2054 quern
1010 2003 1149 2056 proxuma
1175 1987 1330 2042 confirmer

288 2086 374 2140 quarn
399 2088 485 2142 quarn
513 2069 541 2126 in
568 2071 702 2128 uniuersa
726 2073 973 2146 argumentatione
1004 2077 1225 2148 progredimur,
1268 2085 1330 2134 utr

287 2161 350 2216 sere
376 2163 453 2218 idern
479 2163 517 2218 rit
544 2179 578 2217 ae
608 2182 712 2234 porro,
747 2174 893 2235 pretereo.
946 2167 1085 2239 Exempla
1119 2177 1186 2225 aunt
1218 2171 1307 2224 Tuae.

286 2251 338 2320 20,
356 2255 391 2306 de
409 2255 443 2309 N.
467 2252 502 2310 Ι).
522 2259 567 2320 11,
587 2257 640 2323 77,
665 2257 701 2310 de
718 2257 844 2312 Diuinat.
864 2258 908 2324 tt,
926 2255 979 2325 89,
997 2260 1045 2312 uiri
1065 2261 1221 2333 Hottinger
1239 2263 1277 2314 tu
1296 2281 1330 2316 nn

287 2345 339 2400 bat
364 2363 415 2400 nae
433 2362 464 2418 ,a
490 2348 696 2408 recentioribus
720 2355 862 2410 refutatur
888 2360 931 2409 ert
956 2351 1068 2420 (cetera
1091 2359 1132 2406 ric
1158 2353 1282 2425 tegendo
1309 2373 1330 2414 rt

288 2455 367 2512 quom
387 2445 508 2506 tempore
523 2443 591 2494 unni
608 2449 800 2512 tempettatunt
828 2453 911 2521 atque
938 2443 1001 2499 etati
1025 2446 1216 2498 cunueraioner
1242 2465 1330 2504 eonmt

287 2530 429 2604 timetque
447 2536 532 2583 tantur
546 2532 624 2596 flant
642 2535 759 2590 odeeeeu
778 2540 924 2592 rtettarnm
942 2542 969 2591 et
987 2543 1127 2602 reveren),
1161 2537 1220 2593 itt.
1238 2539 1284 2605 tt,
1326 2543 1330 2596 1

287 2617 336 2674 nbi
356 2620 430 2674 idem
450 2623 486 2674 At
505 2623 575 2675 enim
599 2624 685 2678 act-itti
712 2629 838 2684 nolebat.
893 2631 958 2684 Hoc
982 2629 1080 2682 etenim
1107 2638 1173 2685 ante
1198 2630 1249 2685 hor
1280 2651 1330 2703 put

288 2729 376 2767 annor
395 2729 411 2766 o
429 2713 510 2767 codd.
530 2715 640 2770 reatitui
658 2717 787 2774 ciceroni
806 2721 835 2776 in
854 2727 925 2776 orat.
947 2739 999 2792 pro
1019 2722 1111 2776 Bulbo
1130 2723 1144 2792 fi
1163 2722 1197 2776 zt
1214 2723 1330 2792 (Etenim

289 2804 323 2858 Ρ.
342 2804 378 2860 R.
394 2821 486 2875 grane
503 2807 543 2874 at)
561 2813 589 2860 et
607 2805 642 2860 32
659 2809 783 2878 (Etenim
802 2815 926 2883 qrtoednm
940 2814 1059 2880 foedera
1078 2819 1197 2883 extent).

359 2897 490 2966 deducat)
510 2896 586 2952 cerri
614 2902 778 2958 auctoritati
805 2905 909 2959 codicia
930 2907 992 2960 Eri.
1012 2907 1062 2973 (de
1088 2908 1188 2963 euteria
1213 2911 1330 2966 meliori

287 2987 421 3058 uitetur),
457 3006 543 3061 quom
562 2995 718 3062 prasertim
740 2995 854 3052 taciiiua
872 2997 900 3052 in
919 3002 1042 3058 alterurn
1059 3011 1172 3076 partem
1191 3003 1328 3058 aberrare

286 3078 378 3136 brarii
400 3087 545 3152 potuerint
573 3092 691 3155 propter
709 3087 752 3142 ud.

358 3171 431 3224 Non
457 3179 489 3226 ιιι
516 3171 699 3232 Terentinam
727 3178 866 3250 Chremen)
894 3186 1030 3242 Errureur
1059 3189 1120 3244 cod.
1150 3191 1182 3246 P.
1209 3199 1321 3250 secutus

286 3263 508 3333 Laliemandur‚
526 3267 643 3332 obiitne,
662 3270 817 3342 partientur
833 3281 866 3326 nt
883 3303 917 3318 -
936 3278 976 3330 eie
993 3296 1048 3333 non
1069 3279 1161 3337 minna
1178 3285 1242 3353 poni
1260 3285 1290 3341 in
1312 3309 1330 3346 et

285 3355 383 3409 trariir
400 3359 585 3428 conparandis
603 3377 689 3432 qnam
707 3361 736 3416 in
754 3363 912 3432 similium
939 3367 996 3426 uid.
1015 3373 1098 3428 modo
1117 3374 1200 3429 huiur
1218 3379 1330 3447 operiat

286 3452 310 3512 1,
327 3447 363 3500 tu
381 3451 409 3500 et
426 3448 481 3511 67,
500 3451 539 3513 lt,
558 3451 595 3506 dt
615 3465 643 3531 et
662 3454 725 3516 1⁰⁰,
745 3458 811 3510 cett.

356 3545 407 3592 ont
423 3541 529 3616 utinuid
542 3544 622 3609 serre
640 3543 770 3620 deniqne)
789 3550 894 3606 uene·
922 3559 965 3609 ert
998 3573 1031 3610 ex
1053 3557 1275 3617 Heautontimor.
1295 3571 1327 3630 1,

284 3629 338 3692 17,
357 3630 408 3684 ubi
429 3631 564 3688 Chremen
583 3637 783 3694 Menedemum
803 3643 946 3707 admonet,
967 3652 998 3701 nt
1015 3648 1070 3702 ribi
1090 3659 1196 3720 parent.
1229 3656 1330 3711 Bantia

285 3741 319 3777 ex
338 3722 504 3795 Engrapirio
524 3731 553 3779 et
570 3725 681 3784 Donato
700 3731 736 3784 ad
754 3732 871 3788 Phorm.
891 3737 920 3798 1,
955 3735 990 3801 2,
1018 3739 1053 3793 71
1073 3742 1145 3813 tegit
1162 3745 1261 3820 aliquid
1274 3751 1330 3814 suo

285 3815 409 3890 deniqne.
455 3815 592 3886 Equidem
621 3821 695 3891 apud
721 3823 887 3880 Terentium
911 3825 970 3882 itiir
999 3831 1162 3901 adsentior,
1195 3839 1239 3908 qui
1263 3855 1280 3894 a
1303 3860 1330 3900 ut

286 3907 401 3982 denique
420 3923 524 3962 nouam
541 3912 710 3967 tentantium
729 3913 855 3986 incipero
872 3923 1020 3986 atutuunte
1039 3940 1104 3980 narn
1122 3935 1261 3999 postquam
1281 3935 1330 3990 Cin

286 4017 346 4053 mee
365 3998 435 4053 dixit
453 4005 509 4052 tarn
528 4017 606 4056 mune
625 4010 653 4057 et
671 4011 727 4058 tum
746 4010 872 4076 uesperi,
891 4011 1010 4086 contigit
1028 4017 1142 4072 omniur
1170 4021 1275 4096 denique
1296 4027 1330 4082 lu

285 4091 342 4143 turn
359 4093 476 4146 remittit
495 4099 609 4163 tempere.
653 4097 778 4151 noratur
800 4099 912 4170 quidem
933 4107 983 4174 (ad
1001 4107 1119 4166 Phorm.
1138 4113 1158 4166 i.
1179 4113 1215 4182 e.)
1233 4115 1285 4170 heu
1305 4120 1330 4176 tn

284 4180 385 4249 utitur,
402 4189 434 4237 ut
451 4186 597 4253 attendat,
616 4189 709 4242 rotare
726 4189 893 4246 Terentium
914 4197 1029 4266 deniqne
1047 4200 1075 4254 in
1095 4201 1152 4258 tine
1171 4219 1285 4274 peraeae
1311 4228 1330 4263 n

286 4279 380 4330 tamen
399 4272 490 4332 minua
512 4279 677 4354 frequenter
695 4279 775 4338 initio
793 4283 882 4354 ponit,
901 4291 932 4342 ut
954 4290 1022 4345 Eun.
1044 4291 1123 4350 Prot.
1144 4297 1188 4356 ιθ,
1207 4296 1283 4354 dndr.
1303 4307 1325 4368 1,
