<?xml version="1.0" encoding="UTF-8"?>
<!DOCTYPE html PUBLIC "-//W3C//DTD XHTML 1.0 Transitional//EN"
    "http://www.w3.org/TR/xhtml1/DTD/xhtml1-transitional.dtd">
<html xmlns="http://www.w3.org/1999/xhtml" xml:lang="en" lang="en">
 <head>
  <title>
</title>
<meta http-equiv="Content-Type" content="text/html;charset=utf-8" />
  <meta name='ocr-system' content='tesseract 3.04.00' />
  <meta name='ocr-capabilities' content='ocr_page ocr_carea ocr_par ocr_line ocrx_word'/>
</head>
<body>
  <div class='ocr_page' id='page_1' title='image "./mtulliciceronis01madvgoog_0304.png"; bbox 0 0 2688 4880; ppageno 0'>
   <div class='ocr_carea' id='block_1_1' title="bbox 304 269 1128 338">
    <p class='ocr_par' dir='ltr' id='par_1_1' title="bbox 304 269 1128 338">
     <span class='ocr_line' id='line_1_1' title="bbox 304 269 1128 338; baseline 0 -2"><span class='ocrx_word' id='word_1_1' title='bbox 304 270 363 337; x_wconf 84' lang='lat' dir='ltr'>ET</span> <span class='ocrx_word' id='word_1_2' title='bbox 385 269 495 338; x_wconf 75' lang='lat' dir='ltr'>Meu.</span> <span class='ocrx_word' id='word_1_3' title='bbox 518 269 604 336; x_wconf 90' lang='lat' dir='ltr'>LlB.</span> <span class='ocrx_word' id='word_1_4' title='bbox 628 269 660 336; x_wconf 94' lang='lat' dir='ltr'>ll</span> <span class='ocrx_word' id='word_1_5' title='bbox 684 270 779 336; x_wconf 84' lang='lat' dir='ltr'><strong>CAP.</strong></span> <span class='ocrx_word' id='word_1_6' title='bbox 802 273 854 336; x_wconf 77' lang='lat'>15.</span> <span class='ocrx_word' id='word_1_7' title='bbox 1065 273 1128 336; x_wconf 72' lang='lat'>²29</span> 
     </span>
    </p>
   </div>
   <div class='ocr_carea' id='block_1_2' title="bbox 59 464 1147 1615">
    <p class='ocr_par' dir='ltr' id='par_1_2' title="bbox 59 464 1147 1615">
     <span class='ocr_line' id='line_1_2' title="bbox 64 464 1127 552; baseline -0.002 -20"><span class='ocrx_word' id='word_1_8' title='bbox 64 473 96 532; x_wconf 81' lang='lat' dir='ltr'>sit</span> <span class='ocrx_word' id='word_1_9' title='bbox 116 465 292 531; x_wconf 79' lang='lat' dir='ltr'>subicienda</span> <span class='ocrx_word' id='word_1_10' title='bbox 321 469 495 531; x_wconf 79' lang='lat' dir='ltr'>sententie.</span> <span class='ocrx_word' id='word_1_11' title='bbox 552 465 596 533; x_wconf 88' lang='lat' dir='ltr'>Ut</span> <span class='ocrx_word' id='word_1_12' title='bbox 627 468 714 532; x_wconf 90' lang='lat' dir='ltr'>enirn</span> <span class='ocrx_word' id='word_1_13' title='bbox 748 466 949 531; x_wconf 80' lang='lat' dir='ltr'>consuetude</span> <span class='ocrx_word' id='word_1_14' title='bbox 972 464 1127 552; x_wconf 89' lang='lat' dir='ltr'>loquitur,</span> 
     </span>
     <span class='ocr_line' id='line_1_3' title="bbox 64 569 1128 659; baseline 0.001 -23"><span class='ocrx_word' id='word_1_15' title='bbox 64 575 89 637; x_wconf 88' lang='lat' dir='ltr'>id</span> <span class='ocrx_word' id='word_1_16' title='bbox 107 572 202 636; x_wconf 80' lang='lat' dir='ltr'>selum</span> <span class='ocrx_word' id='word_1_17' title='bbox 226 571 343 636; x_wconf 89' lang='lat' dir='ltr'>dieitur</span> <span class='ocrx_word' id='word_1_18' title='bbox 366 569 558 652; x_wconf 81' lang='lat' dir='ltr'>honestum,</span> <span class='ocrx_word' id='word_1_19' title='bbox 591 573 675 659; x_wconf 89' lang='lat' dir='ltr'>qued</span> <span class='ocrx_word' id='word_1_20' title='bbox 702 585 752 636; x_wconf 83' lang='lat' dir='ltr'>est</span> <span class='ocrx_word' id='word_1_21' title='bbox 775 571 924 659; x_wconf 81' lang='lat' dir='ltr'>populari</span> <span class='ocrx_word' id='word_1_22' title='bbox 946 572 1035 637; x_wconf 83' lang='lat' dir='ltr'>lauru</span> <span class='ocrx_word' id='word_1_23' title='bbox 1056 570 1128 659; x_wconf 82' lang='lat' dir='ltr'>gle-</span> 
     </span>
     <span class='ocr_line' id='line_1_4' title="bbox 65 676 1129 765; baseline 0 -23"><span class='ocrx_word' id='word_1_24' title='bbox 65 683 178 742; x_wconf 84' lang='lat' dir='ltr'>riesurn.</span> <span class='ocrx_word' id='word_1_25' title='bbox 222 677 340 758; x_wconf 80' lang='lat' dir='ltr'>Quod,</span> <span class='ocrx_word' id='word_1_26' title='bbox 372 680 500 765; x_wconf 90' lang='lat' dir='ltr'>inquit,</span> <span class='ocrx_word' id='word_1_27' title='bbox 531 701 726 765; x_wconf 84' lang='lat' dir='ltr'>quemquem</span> <span class='ocrx_word' id='word_1_28' title='bbox 747 676 972 765; x_wconf 81' lang='lat' dir='ltr'>uoluptatibus</span> <span class='ocrx_word' id='word_1_29' title='bbox 995 677 1129 765; x_wconf 79' lang='lat' dir='ltr'>quibus·</span> 
     </span>
     <span class='ocr_line' id='line_1_5' title="bbox 61 782 1128 870; baseline 0.002 -24"><span class='ocrx_word' id='word_1_30' title='bbox 61 783 117 847; x_wconf 83' lang='lat' dir='ltr'>dem</span> <span class='ocrx_word' id='word_1_31' title='bbox 137 795 165 848; x_wconf 82' lang='lat' dir='ltr'>et</span> <span class='ocrx_word' id='word_1_32' title='bbox 187 805 283 867; x_wconf 82' lang='lat' dir='ltr'>saepe</span> <span class='ocrx_word' id='word_1_33' title='bbox 318 785 508 862; x_wconf 51' lang='lat' dir='ltr'>incendium</span> <span class='ocrx_word' id='word_1_34' title='bbox 554 796 662 848; x_wconf 85' lang='lat' dir='ltr'>temen</span> <span class='ocrx_word' id='word_1_35' title='bbox 686 785 856 870; x_wconf 82' lang='lat' dir='ltr'>&#39;expetitur</span> <span class='ocrx_word' id='word_1_36' title='bbox 877 799 1010 870; x_wconf 85' lang='lat' dir='ltr'>prepter</span> <span class='ocrx_word' id='word_1_37' title='bbox 1032 782 1128 849; x_wconf 91' lang='lat' dir='ltr'>uelu-</span> 
     </span>
     <span class='ocr_line' id='line_1_6' title="bbox 60 888 1128 976; baseline 0.003 -24"><span class='ocrx_word' id='word_1_38' title='bbox 60 903 172 975; x_wconf 85' lang='lat' dir='ltr'>ptetem.</span> <span class='ocrx_word' id='word_1_39' title='bbox 205 893 257 954; x_wconf 79' lang='lat' dir='ltr'>te.</span> <span class='ocrx_word' id='word_1_40' title='bbox 283 888 440 968; x_wconf 84' lang='lat' dir='ltr'>Uidesue,</span> <span class='ocrx_word' id='word_1_41' title='bbox 460 911 556 976; x_wconf 84' lang='lat' dir='ltr'>quern</span> <span class='ocrx_word' id='word_1_42' title='bbox 576 893 619 954; x_wconf 84' lang='lat' dir='ltr'>eit</span> <span class='ocrx_word' id='word_1_43' title='bbox 633 913 752 976; x_wconf 85' lang='lat' dir='ltr'>magne</span> <span class='ocrx_word' id='word_1_44' title='bbox 773 889 958 955; x_wconf 82' lang='lat' dir='ltr'>dissensiel</span> <span class='ocrx_word' id='word_1_45' title='bbox 973 890 1128 956; x_wconf 83' lang='lat' dir='ltr'>Philoso-</span> 
     </span>
     <span class='ocr_line' id='line_1_7' title="bbox 59 995 1125 1083; baseline 0.002 -23"><span class='ocrx_word' id='word_1_46' title='bbox 59 997 126 1082; x_wconf 84' lang='lat' dir='ltr'>phus</span> <span class='ocrx_word' id='word_1_47' title='bbox 156 995 294 1074; x_wconf 76' lang='lat' dir='ltr'>nobilis,</span> <span class='ocrx_word' id='word_1_48' title='bbox 336 1019 356 1060; x_wconf 89' lang='lat' dir='ltr'>e</span> <span class='ocrx_word' id='word_1_49' title='bbox 381 1018 445 1083; x_wconf 87' lang='lat' dir='ltr'>que</span> <span class='ocrx_word' id='word_1_50' title='bbox 469 1018 534 1060; x_wconf 92' lang='lat' dir='ltr'>nen</span> <span class='ocrx_word' id='word_1_51' title='bbox 559 995 665 1062; x_wconf 83' lang='lat' dir='ltr'>selurn</span> <span class='ocrx_word' id='word_1_52' title='bbox 690 996 831 1062; x_wconf 82' lang='lat' dir='ltr'>Gieeeia</span> <span class='ocrx_word' id='word_1_53' title='bbox 854 1012 886 1062; x_wconf 88' lang='lat' dir='ltr'>et</span> <span class='ocrx_word' id='word_1_54' title='bbox 909 996 1025 1078; x_wconf 87' lang='lat' dir='ltr'>Ituliu,</span> <span class='ocrx_word' id='word_1_55' title='bbox 1069 998 1125 1062; x_wconf 82' lang='lat' dir='ltr'>sed</span> 
     </span>
     <span class='ocr_line' id='line_1_8' title="bbox 60 1085 1126 1190; baseline 0.001 -24"><span class='ocrx_word' id='word_1_56' title='bbox 60 1105 139 1167; x_wconf 82' lang='lat' dir='ltr'>etiem</span> <span class='ocrx_word' id='word_1_57' title='bbox 159 1085 261 1166; x_wconf 72' lang='lat' dir='ltr'>erneis</span> <span class='ocrx_word' id='word_1_58' title='bbox 283 1099 437 1166; x_wconf 83' lang='lat' dir='ltr'>herberie</span> <span class='ocrx_word' id='word_1_59' title='bbox 461 1115 612 1167; x_wconf 84' lang='lat' dir='ltr'>eenmete</span> <span class='ocrx_word' id='word_1_60' title='bbox 633 1119 680 1182; x_wconf 81' lang='lat' dir='ltr'>et,</span> <span class='ocrx_word' id='word_1_61' title='bbox 714 1101 888 1169; x_wconf 83' lang='lat' dir='ltr'>honestum</span> <span class='ocrx_word' id='word_1_62' title='bbox 907 1105 984 1190; x_wconf 88' lang='lat' dir='ltr'>qnid</span> <span class='ocrx_word' id='word_1_63' title='bbox 1006 1105 1070 1184; x_wconf 82' lang='lat' dir='ltr'>eit,</span> <span class='ocrx_word' id='word_1_64' title='bbox 1097 1105 1126 1167; x_wconf 82' lang='lat' dir='ltr'>si</span> 
     </span>
     <span class='ocr_line' id='line_1_9' title="bbox 61 1207 1147 1297; baseline 0.002 -26"><span class='ocrx_word' id='word_1_65' title='bbox 61 1211 84 1272; x_wconf 89' lang='lat' dir='ltr'>id</span> <span class='ocrx_word' id='word_1_66' title='bbox 104 1231 158 1274; x_wconf 91' lang='lat' dir='ltr'>non</span> <span class='ocrx_word' id='word_1_67' title='bbox 179 1212 220 1273; x_wconf 84' lang='lat' dir='ltr'>sit</span> <span class='ocrx_word' id='word_1_68' title='bbox 243 1210 278 1272; x_wconf 92' lang='lat' dir='ltr'>iu</span> <span class='ocrx_word' id='word_1_69' title='bbox 301 1207 491 1291; x_wconf 81' lang='lat' dir='ltr'>uoluptate,</span> <span class='ocrx_word' id='word_1_70' title='bbox 524 1221 624 1294; x_wconf 86' lang='lat' dir='ltr'>neget</span> <span class='ocrx_word' id='word_1_71' title='bbox 646 1232 682 1274; x_wconf 84' lang='lat' dir='ltr'>ee</span> <span class='ocrx_word' id='word_1_72' title='bbox 704 1209 923 1297; x_wconf 78' lang='lat' dir='ltr'>intellegere,</span> <span class='ocrx_word' id='word_1_73' title='bbox 955 1211 1018 1274; x_wconf 84' lang='lat' dir='ltr'>nisi</span> <span class='ocrx_word' id='word_1_74' title='bbox 1042 1209 1147 1274; x_wconf 88' lang='lat' dir='ltr'>lorte·</span> 
     </span>
     <span class='ocr_line' id='line_1_10' title="bbox 59 1315 1126 1402; baseline 0.001 -25"><span class='ocrx_word' id='word_1_75' title='bbox 59 1315 140 1394; x_wconf 88' lang='lat' dir='ltr'>illud,</span> <span class='ocrx_word' id='word_1_76' title='bbox 181 1315 267 1401; x_wconf 90' lang='lat' dir='ltr'>quod</span> <span class='ocrx_word' id='word_1_77' title='bbox 299 1315 520 1380; x_wconf 82' lang='lat' dir='ltr'>multitudiuis</span> <span class='ocrx_word' id='word_1_78' title='bbox 543 1337 674 1380; x_wconf 85' lang='lat' dir='ltr'>rumore</span> <span class='ocrx_word' id='word_1_79' title='bbox 700 1315 863 1382; x_wconf 81' lang='lat' dir='ltr'>laudetur.</span> <span class='ocrx_word' id='word_1_80' title='bbox 911 1317 984 1402; x_wconf 85' lang='lat' dir='ltr'>Ege</span> <span class='ocrx_word' id='word_1_81' title='bbox 1006 1329 1126 1394; x_wconf 83' lang='lat' dir='ltr'>eutem,</span> 
     </span>
     <span class='ocr_line' id='line_1_11' title="bbox 60 1421 1125 1509; baseline 0.001 -26"><span class='ocrx_word' id='word_1_82' title='bbox 60 1421 107 1486; x_wconf 86' lang='lat' dir='ltr'>loe</span> <span class='ocrx_word' id='word_1_83' title='bbox 126 1424 217 1486; x_wconf 88' lang='lat' dir='ltr'>etiem</span> <span class='ocrx_word' id='word_1_84' title='bbox 241 1435 338 1504; x_wconf 83' lang='lat' dir='ltr'>turpe</span> <span class='ocrx_word' id='word_1_85' title='bbox 362 1443 436 1486; x_wconf 83' lang='lat' dir='ltr'>esee</span> <span class='ocrx_word' id='word_1_86' title='bbox 461 1443 560 1509; x_wconf 80' lang='lat' dir='ltr'>saepe</span> <span class='ocrx_word' id='word_1_87' title='bbox 585 1423 712 1504; x_wconf 86' lang='lat' dir='ltr'>iudice,</span> <span class='ocrx_word' id='word_1_88' title='bbox 752 1435 802 1504; x_wconf 90' lang='lat' dir='ltr'>et,</span> <span class='ocrx_word' id='word_1_89' title='bbox 824 1425 853 1486; x_wconf 80' lang='lat' dir='ltr'>ei</span> <span class='ocrx_word' id='word_1_90' title='bbox 877 1421 1007 1508; x_wconf 84' lang='lat' dir='ltr'>quande</span> <span class='ocrx_word' id='word_1_91' title='bbox 1031 1433 1125 1503; x_wconf 81' lang='lat' dir='ltr'>turpe</span> 
     </span>
     <span class='ocr_line' id='line_1_12' title="bbox 60 1525 1126 1615; baseline 0 -25"><span class='ocrx_word' id='word_1_92' title='bbox 60 1551 108 1592; x_wconf 87' lang='lat' dir='ltr'>nen</span> <span class='ocrx_word' id='word_1_93' title='bbox 127 1531 176 1608; x_wconf 82' lang='lat' dir='ltr'>eit,</span> <span class='ocrx_word' id='word_1_94' title='bbox 197 1541 265 1592; x_wconf 89' lang='lat' dir='ltr'>turn</span> <span class='ocrx_word' id='word_1_95' title='bbox 292 1549 449 1592; x_wconf 78' lang='lat' dir='ltr'>essenon</span> <span class='ocrx_word' id='word_1_96' title='bbox 473 1540 577 1615; x_wconf 85' lang='lat' dir='ltr'>turpe,</span> <span class='ocrx_word' id='word_1_97' title='bbox 603 1551 700 1614; x_wconf 86' lang='lat' dir='ltr'>quern</span> <span class='ocrx_word' id='word_1_98' title='bbox 721 1528 753 1593; x_wconf 93' lang='lat' dir='ltr'>id</span> <span class='ocrx_word' id='word_1_99' title='bbox 776 1551 797 1593; x_wconf 83' lang='lat' dir='ltr'>e</span> <span class='ocrx_word' id='word_1_100' title='bbox 821 1528 1032 1593; x_wconf 88' lang='lat' dir='ltr'>multitudiue</span> <span class='ocrx_word' id='word_1_101' title='bbox 1054 1525 1126 1590; x_wconf 89' lang='lat' dir='ltr'>luu-</span> 
     </span>
    </p>
   </div>
   <div class='ocr_carea' id='block_1_3' title="bbox 58 1692 1124 1894">
    <p class='ocr_par' dir='ltr' id='par_1_3' title="bbox 58 1692 1124 1894">
     <span class='ocr_line' id='line_1_13' title="bbox 96 1692 1124 1754; baseline -0.004 -12"><span class='ocrx_word' id='word_1_102' title='bbox 96 1697 225 1754; x_wconf 75' lang='lat' dir='ltr'>qu’bmdour)</span> <span class='ocrx_word' id='word_1_103' title='bbox 238 1694 333 1740; x_wconf 71' lang='lat' dir='ltr'>eamn</span> <span class='ocrx_word' id='word_1_104' title='bbox 413 1695 448 1742; x_wconf 73' lang='lat' dir='ltr'>ld.</span> <span class='ocrx_word' id='word_1_105' title='bbox 463 1695 557 1751; x_wconf 79' lang='lat' dir='ltr'>nobilio)</span> <span class='ocrx_word' id='word_1_106' title='bbox 570 1697 641 1741; x_wconf 77' lang='lat' dir='ltr'>noble</span> <span class='ocrx_word' id='word_1_107' title='bbox 655 1695 703 1751; x_wconf 67' lang='lat' dir='ltr'>etta</span> <span class='ocrx_word' id='word_1_108' title='bbox 716 1695 738 1740; x_wconf 78' lang='lat' dir='ltr'>lt</span> <span class='ocrx_word' id='word_1_109' title='bbox 784 1694 848 1753; x_wconf 80' lang='lat' dir='ltr'>quid)</span> <span class='ocrx_word' id='word_1_110' title='bbox 861 1694 959 1753; x_wconf 74' lang='lat' dir='ltr'>puodss</span> <span class='ocrx_word' id='word_1_111' title='bbox 1006 1692 1124 1745; x_wconf 69' lang='lat' dir='ltr'>laudetur(</span> 
     </span>
     <span class='ocr_line' id='line_1_14' title="bbox 58 1769 1123 1828; baseline 0 -12"><span class='ocrx_word' id='word_1_112' title='bbox 58 1773 289 1828; x_wconf 64' lang='lat' dir='ltr'>temuurtbwilor.</span> <span class='ocrx_word' id='word_1_113' title='bbox 319 1772 381 1824; x_wconf 81' lang='lat' dir='ltr'>eree)</span> <span class='ocrx_word' id='word_1_114' title='bbox 396 1784 441 1817; x_wconf 91' lang='lat' dir='ltr'>om.</span> <span class='ocrx_word' id='word_1_115' title='bbox 456 1772 478 1817; x_wconf 81' lang='grc' dir='ltr'><strong>Β</strong></span> <span class='ocrx_word' id='word_1_116' title='bbox 505 1776 555 1819; x_wconf 85' lang='lat' dir='ltr'>tem</span> <span class='ocrx_word' id='word_1_117' title='bbox 569 1773 632 1826; x_wconf 73' lang='lat' dir='ltr'>eree)</span> <span class='ocrx_word' id='word_1_118' title='bbox 646 1779 729 1818; x_wconf 84' lang='lat' dir='ltr'>tomen</span> <span class='ocrx_word' id='word_1_119' title='bbox 743 1772 827 1818; x_wconf 71' lang='lat' dir='ltr'>emeli</span> <span class='ocrx_word' id='word_1_120' title='bbox 840 1779 893 1818; x_wconf 76' lang='lat' dir='ltr'>toruo</span> <span class='ocrx_word' id='word_1_121' title='bbox 907 1783 956 1816; x_wconf 80' lang='lat' dir='ltr'>non</span> <span class='ocrx_word' id='word_1_122' title='bbox 970 1769 1123 1816; x_wconf 79' lang='lat' dir='ltr'>melibior·</span> 
     </span>
     <span class='ocr_line' id='line_1_15' title="bbox 58 1847 319 1894; baseline -0.008 0"><span class='ocrx_word' id='word_1_123' title='bbox 58 1855 120 1894; x_wconf 76' lang='lat' dir='ltr'>tem</span> <span class='ocrx_word' id='word_1_124' title='bbox 132 1862 174 1894; x_wconf 84' lang='lat' dir='ltr'>uon</span> <span class='ocrx_word' id='word_1_125' title='bbox 188 1861 240 1894; x_wconf 71' lang='lat' dir='ltr'>ecee</span> <span class='ocrx_word' id='word_1_126' title='bbox 254 1847 319 1892; x_wconf 76' lang='lat' dir='ltr'>LPG</span> 
     </span>
    </p>
   </div>
   <div class='ocr_carea' id='block_1_4' title="bbox 51 1983 1126 4372">
    <p class='ocr_par' dir='ltr' id='par_1_4' title="bbox 56 1983 1126 2875">
     <span class='ocr_line' id='line_1_16' title="bbox 59 1983 1124 2059; baseline -0.001 -21"><span class='ocrx_word' id='word_1_127' title='bbox 59 2005 81 2038; x_wconf 81' lang='lat' dir='ltr'>ee</span> <span class='ocrx_word' id='word_1_128' title='bbox 96 1987 120 2039; x_wconf 76' lang='lat' dir='ltr'>ei</span> <span class='ocrx_word' id='word_1_129' title='bbox 134 1993 179 2043; x_wconf 82' lang='lat' dir='ltr'>out</span> <span class='ocrx_word' id='word_1_130' title='bbox 196 1989 293 2042; x_wconf 80' lang='lat' dir='ltr'>telum</span> <span class='ocrx_word' id='word_1_131' title='bbox 313 1988 362 2040; x_wconf 82' lang='lat' dir='ltr'>urb</span> <span class='ocrx_word' id='word_1_132' title='bbox 381 2005 423 2042; x_wconf 88' lang='lat' dir='ltr'>ee.</span> <span class='ocrx_word' id='word_1_133' title='bbox 474 1989 534 2042; x_wconf 85' lang='lat' dir='ltr'>ium</span> <span class='ocrx_word' id='word_1_134' title='bbox 560 1993 710 2059; x_wconf 84' lang='lat' dir='ltr'>peropeeto</span> <span class='ocrx_word' id='word_1_135' title='bbox 728 1987 757 2041; x_wconf 92' lang='lat' dir='ltr'>iu</span> <span class='ocrx_word' id='word_1_136' title='bbox 778 1985 824 2040; x_wconf 83' lang='lat' dir='ltr'>bie</span> <span class='ocrx_word' id='word_1_137' title='bbox 844 1985 914 2040; x_wconf 77' lang='lat' dir='ltr'>lotio</span> <span class='ocrx_word' id='word_1_138' title='bbox 934 1989 963 2038; x_wconf 91' lang='lat' dir='ltr'>et</span> <span class='ocrx_word' id='word_1_139' title='bbox 981 1983 1124 2039; x_wconf 74' lang='lat' dir='ltr'>cinerente</span> 
     </span>
     <span class='ocr_line' id='line_1_17' title="bbox 59 2076 1126 2150; baseline -0.003 -20"><span class='ocrx_word' id='word_1_140' title='bbox 59 2095 119 2132; x_wconf 87' lang='lat' dir='ltr'>uere</span> <span class='ocrx_word' id='word_1_141' title='bbox 133 2089 157 2134; x_wconf 83' lang='lat' dir='ltr'>et</span> <span class='ocrx_word' id='word_1_142' title='bbox 173 2080 362 2135; x_wconf 71' lang='lat' dir='ltr'>librariorum</span> <span class='ocrx_word' id='word_1_143' title='bbox 382 2096 497 2144; x_wconf 84' lang='lat' dir='ltr'>errore,</span> <span class='ocrx_word' id='word_1_144' title='bbox 534 2098 617 2134; x_wconf 88' lang='lat' dir='ltr'>neme</span> <span class='ocrx_word' id='word_1_145' title='bbox 635 2080 758 2150; x_wconf 80' lang='lat' dir='ltr'>prudent</span> <span class='ocrx_word' id='word_1_146' title='bbox 779 2077 925 2131; x_wconf 72' lang='lat' dir='ltr'>dubitabit</span> <span class='ocrx_word' id='word_1_147' title='bbox 941 2095 993 2148; x_wconf 90' lang='lat' dir='ltr'>pre</span> <span class='ocrx_word' id='word_1_148' title='bbox 1011 2076 1126 2146; x_wconf 79' lang='lat' dir='ltr'>Quinet.</span> 
     </span>
     <span class='ocr_line' id='line_1_18' title="bbox 61 2169 1123 2244; baseline -0.001 -22"><span class='ocrx_word' id='word_1_149' title='bbox 61 2171 85 2224; x_wconf 84' lang='lat' dir='ltr'>tt</span> <span class='ocrx_word' id='word_1_150' title='bbox 98 2181 119 2226; x_wconf 87' lang='lat' dir='ltr'>et</span> <span class='ocrx_word' id='word_1_151' title='bbox 134 2191 180 2244; x_wconf 90' lang='lat' dir='ltr'>pre</span> <span class='ocrx_word' id='word_1_152' title='bbox 198 2174 286 2228; x_wconf 87' lang='lat' dir='ltr'>domo</span> <span class='ocrx_word' id='word_1_153' title='bbox 303 2170 340 2226; x_wconf 73' lang='lat'>⁶2</span> <span class='ocrx_word' id='word_1_154' title='bbox 358 2171 491 2242; x_wconf 86' lang='lat' dir='ltr'>(querum</span> <span class='ocrx_word' id='word_1_155' title='bbox 508 2172 669 2227; x_wconf 77' lang='lat' dir='ltr'>orationum</span> <span class='ocrx_word' id='word_1_156' title='bbox 692 2171 791 2241; x_wconf 83' lang='lat' dir='ltr'>quulee</span> <span class='ocrx_word' id='word_1_157' title='bbox 808 2169 919 2224; x_wconf 82' lang='lat' dir='ltr'>eedioeo</span> <span class='ocrx_word' id='word_1_158' title='bbox 937 2175 966 2222; x_wconf 88' lang='lat' dir='ltr'>et</span> <span class='ocrx_word' id='word_1_159' title='bbox 983 2169 1123 2240; x_wconf 80' lang='lat' dir='ltr'>quomedo</span> 
     </span>
     <span class='ocr_line' id='line_1_19' title="bbox 58 2259 1124 2333; baseline 0 -21"><span class='ocrx_word' id='word_1_160' title='bbox 58 2264 138 2316; x_wconf 82' lang='lat' dir='ltr'>couleti</span> <span class='ocrx_word' id='word_1_161' title='bbox 153 2263 218 2330; x_wconf 81' lang='lat' dir='ltr'>rint,</span> <span class='ocrx_word' id='word_1_162' title='bbox 254 2272 358 2319; x_wconf 88' lang='lat' dir='ltr'>uotum</span> <span class='ocrx_word' id='word_1_163' title='bbox 376 2266 416 2333; x_wconf 86' lang='lat' dir='ltr'>et)</span> <span class='ocrx_word' id='word_1_164' title='bbox 442 2281 506 2318; x_wconf 86' lang='lat' dir='ltr'>enm</span> <span class='ocrx_word' id='word_1_165' title='bbox 530 2262 735 2333; x_wconf 74' lang='lat' dir='ltr'>Weeeubergie</span> <span class='ocrx_word' id='word_1_166' title='bbox 760 2261 872 2316; x_wconf 78' lang='lat' dir='ltr'>lioeelu</span> <span class='ocrx_word' id='word_1_167' title='bbox 897 2259 1056 2316; x_wconf 73' lang='lat' dir='ltr'>adiectione</span> <span class='ocrx_word' id='word_1_168' title='bbox 1074 2261 1124 2314; x_wconf 85' lang='lat' dir='ltr'>eub</span> 
     </span>
     <span class='ocr_line' id='line_1_20' title="bbox 56 2352 1124 2428; baseline 0.001 -23"><span class='ocrx_word' id='word_1_169' title='bbox 56 2361 181 2420; x_wconf 69' lang='lat' dir='ltr'>poemen</span> <span class='ocrx_word' id='word_1_170' title='bbox 192 2357 293 2412; x_wconf 77' lang='lat' dir='ltr'>lucere</span> <span class='ocrx_word' id='word_1_171' title='bbox 310 2375 363 2427; x_wconf 91' lang='lat' dir='ltr'>pre</span> <span class='ocrx_word' id='word_1_172' title='bbox 384 2373 436 2422; x_wconf 93' lang='lat' dir='ltr'>eo,</span> <span class='ocrx_word' id='word_1_173' title='bbox 456 2357 530 2428; x_wconf 88' lang='lat' dir='ltr'>qued</span> <span class='ocrx_word' id='word_1_174' title='bbox 549 2356 659 2422; x_wconf 79' lang='lat' dir='ltr'>editur,</span> <span class='ocrx_word' id='word_1_175' title='bbox 677 2356 726 2409; x_wconf 78' lang='lat' dir='ltr'>tub</span> <span class='ocrx_word' id='word_1_176' title='bbox 742 2371 888 2423; x_wconf 69' lang='lat' dir='ltr'>preeunte,-</span> <span class='ocrx_word' id='word_1_177' title='bbox 923 2370 975 2407; x_wconf 88' lang='lat' dir='ltr'>nee</span> <span class='ocrx_word' id='word_1_178' title='bbox 993 2352 1124 2408; x_wconf 83' lang='lat' dir='ltr'>eeeterle</span> 
     </span>
     <span class='ocr_line' id='line_1_21' title="bbox 58 2441 1122 2520; baseline 0.002 -24"><span class='ocrx_word' id='word_1_179' title='bbox 58 2445 109 2499; x_wconf 72' lang='lat' dir='ltr'>letis</span> <span class='ocrx_word' id='word_1_180' title='bbox 124 2449 205 2516; x_wconf 86' lang='lat' dir='ltr'>boue,</span> <span class='ocrx_word' id='word_1_181' title='bbox 245 2467 264 2504; x_wconf 84' lang='lat' dir='ltr'>u</span> <span class='ocrx_word' id='word_1_182' title='bbox 290 2466 345 2520; x_wconf 88' lang='lat' dir='ltr'>que</span> <span class='ocrx_word' id='word_1_183' title='bbox 372 2448 491 2520; x_wconf 72' lang='lat' dir='ltr'>digressi</span> <span class='ocrx_word' id='word_1_184' title='bbox 519 2465 630 2515; x_wconf 84' lang='lat' dir='ltr'>eumue,</span> <span class='ocrx_word' id='word_1_185' title='bbox 670 2447 809 2518; x_wconf 71' lang='lat' dir='ltr'>reiunget.</span> <span class='ocrx_word' id='word_1_186' title='bbox 863 2445 946 2515; x_wconf 77' lang='lat' dir='ltr'>Apud</span> <span class='ocrx_word' id='word_1_187' title='bbox 968 2441 1122 2516; x_wconf 81' lang='lat' dir='ltr'>Uirgilium</span> 
     </span>
     <span class='ocr_line' id='line_1_22' title="bbox 57 2537 1123 2612; baseline 0 -23"><span class='ocrx_word' id='word_1_188' title='bbox 57 2539 137 2610; x_wconf 68' lang='lat' dir='ltr'>Geerg.</span> <span class='ocrx_word' id='word_1_189' title='bbox 152 2541 192 2606; x_wconf 86' lang='lat' dir='ltr'>tt,</span> <span class='ocrx_word' id='word_1_190' title='bbox 227 2541 265 2596; x_wconf 76' lang='lat'>19</span> <span class='ocrx_word' id='word_1_191' title='bbox 285 2542 398 2609; x_wconf 78' lang='lat' dir='ltr'>(laureo</span> <span class='ocrx_word' id='word_1_192' title='bbox 418 2542 513 2595; x_wconf 83' lang='lat' dir='ltr'>Pereo</span> <span class='ocrx_word' id='word_1_193' title='bbox 538 2542 587 2595; x_wconf 82' lang='lat' dir='ltr'>eud</span> <span class='ocrx_word' id='word_1_194' title='bbox 606 2540 716 2612; x_wconf 78' lang='lat' dir='ltr'>ingenti</span> <span class='ocrx_word' id='word_1_195' title='bbox 731 2539 831 2592; x_wconf 79' lang='lat' dir='ltr'>tuotrie</span> <span class='ocrx_word' id='word_1_196' title='bbox 848 2554 878 2590; x_wconf 85' lang='lat' dir='ltr'>ee</span> <span class='ocrx_word' id='word_1_197' title='bbox 896 2539 997 2591; x_wconf 85' lang='lat' dir='ltr'>eubioit</span> <span class='ocrx_word' id='word_1_198' title='bbox 1013 2537 1123 2606; x_wconf 79' lang='lat' dir='ltr'>umbre)</span> 
     </span>
     <span class='ocr_line' id='line_1_23' title="bbox 57 2630 1123 2702; baseline 0.004 -22"><span class='ocrx_word' id='word_1_199' title='bbox 57 2630 157 2686; x_wconf 85' lang='lat' dir='ltr'>rbeelute</span> <span class='ocrx_word' id='word_1_200' title='bbox 173 2633 279 2690; x_wconf 85' lang='lat' dir='ltr'>dieitur·</span> <span class='ocrx_word' id='word_1_201' title='bbox 297 2651 327 2686; x_wconf 81' lang='lat' dir='ltr'>oe</span> <span class='ocrx_word' id='word_1_202' title='bbox 345 2635 477 2697; x_wconf 84' lang='lat' dir='ltr'>eudieere,</span> <span class='ocrx_word' id='word_1_203' title='bbox 497 2634 526 2688; x_wconf 91' lang='lat' dir='ltr'>id</span> <span class='ocrx_word' id='word_1_204' title='bbox 547 2641 598 2700; x_wconf 84' lang='lat' dir='ltr'>eet,</span> <span class='ocrx_word' id='word_1_205' title='bbox 619 2649 746 2702; x_wconf 74' lang='lat' dir='ltr'>tergore,</span> <span class='ocrx_word' id='word_1_206' title='bbox 765 2647 896 2695; x_wconf 74' lang='lat' dir='ltr'>cretum,</span> <span class='ocrx_word' id='word_1_207' title='bbox 914 2631 1046 2684; x_wconf 76' lang='lat' dir='ltr'>extollere</span> <span class='ocrx_word' id='word_1_208' title='bbox 1064 2646 1123 2684; x_wconf 76' lang='lat' dir='ltr'>ecee</span> 
     </span>
     <span class='ocr_line' id='line_1_24' title="bbox 57 2721 1123 2800; baseline 0.002 -25"><span class='ocrx_word' id='word_1_209' title='bbox 57 2721 89 2786; x_wconf 83' lang='lat' dir='ltr'>(ot</span> <span class='ocrx_word' id='word_1_210' title='bbox 104 2725 212 2780; x_wconf 75' lang='lat' dir='ltr'>relicere</span> <span class='ocrx_word' id='word_1_211' title='bbox 229 2727 352 2795; x_wconf 79' lang='lat' dir='ltr'>aliquem</span> <span class='ocrx_word' id='word_1_212' title='bbox 369 2727 399 2778; x_wconf 87' lang='lat' dir='ltr'>in</span> <span class='ocrx_word' id='word_1_213' title='bbox 417 2727 534 2800; x_wconf 70' lang='lat' dir='ltr'>equiem),</span> <span class='ocrx_word' id='word_1_214' title='bbox 553 2727 602 2786; x_wconf 76' lang='lat' dir='ltr'>eud</span> <span class='ocrx_word' id='word_1_215' title='bbox 621 2725 718 2779; x_wconf 81' lang='lat' dir='ltr'>umbre</span> <span class='ocrx_word' id='word_1_216' title='bbox 736 2743 787 2796; x_wconf 90' lang='lat' dir='ltr'>per</span> <span class='ocrx_word' id='word_1_217' title='bbox 800 2740 830 2777; x_wconf 86' lang='lat' dir='ltr'>ee</span> <span class='ocrx_word' id='word_1_218' title='bbox 848 2721 1029 2796; x_wconf 71' lang='lat' dir='ltr'>adiungiture</span> <span class='ocrx_word' id='word_1_219' title='bbox 1047 2729 1123 2778; x_wconf 75' lang='lat' dir='ltr'>teoto</span> 
     </span>
     <span class='ocr_line' id='line_1_25' title="bbox 58 2816 605 2875; baseline 0.007 -9"><span class='ocrx_word' id='word_1_220' title='bbox 58 2816 132 2871; x_wconf 78' lang='lat' dir='ltr'>untrie</span> <span class='ocrx_word' id='word_1_221' title='bbox 147 2822 254 2875; x_wconf 76' lang='lat' dir='ltr'>umbra.</span> <span class='ocrx_word' id='word_1_222' title='bbox 293 2820 382 2872; x_wconf 82' lang='lat' dir='ltr'>Recte</span> <span class='ocrx_word' id='word_1_223' title='bbox 403 2818 460 2872; x_wconf 86' lang='lat' dir='ltr'>iem</span> <span class='ocrx_word' id='word_1_224' title='bbox 477 2819 605 2874; x_wconf 86' lang='lat' dir='ltr'>Seruiue.</span> 
     </span>
    </p>

    <p class='ocr_par' dir='ltr' id='par_1_5' title="bbox 58 2897 1122 3073">
     <span class='ocr_line' id='line_1_26' title="bbox 110 2897 1122 2982; baseline -0.004 -21"><span class='ocrx_word' id='word_1_225' title='bbox 110 2909 138 2964; x_wconf 78' lang='lat' dir='ltr'>lit</span> <span class='ocrx_word' id='word_1_226' title='bbox 154 2914 219 2966; x_wconf 72' lang='lat' dir='ltr'>euin</span> <span class='ocrx_word' id='word_1_227' title='bbox 237 2897 410 2966; x_wconf 71' lang='lat' dir='ltr'>connectede</span> <span class='ocrx_word' id='word_1_228' title='bbox 431 2911 566 2982; x_wconf 78' lang='lat' dir='ltr'>loquitur)</span> <span class='ocrx_word' id='word_1_229' title='bbox 600 2913 639 2966; x_wconf 81' lang='lat' dir='ltr'>ut</span> <span class='ocrx_word' id='word_1_230' title='bbox 656 2909 730 2964; x_wconf 78' lang='lat' dir='ltr'>uolet</span> <span class='ocrx_word' id='word_1_231' title='bbox 747 2907 904 2978; x_wconf 72' lang='lat' dir='ltr'>Epicurus,</span> <span class='ocrx_word' id='word_1_232' title='bbox 943 2922 958 2958; x_wconf 91' lang='lat' dir='ltr'>o</span> <span class='ocrx_word' id='word_1_233' title='bbox 979 2903 1122 2959; x_wconf 81' lang='lat' dir='ltr'>communi</span> 
     </span>
     <span class='ocr_line' id='line_1_27' title="bbox 58 2997 946 3073; baseline 0.005 -25"><span class='ocrx_word' id='word_1_234' title='bbox 58 2997 115 3070; x_wconf 77' lang='lat' dir='ltr'>uolgi</span> <span class='ocrx_word' id='word_1_235' title='bbox 130 3005 235 3060; x_wconf 86' lang='lat' dir='ltr'>eotieoe</span> <span class='ocrx_word' id='word_1_236' title='bbox 256 3011 289 3059; x_wconf 88' lang='lat' dir='ltr'>et</span> <span class='ocrx_word' id='word_1_237' title='bbox 308 3021 361 3058; x_wconf 76' lang='lat' dir='ltr'>utu</span> <span class='ocrx_word' id='word_1_238' title='bbox 380 3004 457 3058; x_wconf 78' lang='lat' dir='ltr'>uerit</span> <span class='ocrx_word' id='word_1_239' title='bbox 476 3003 618 3060; x_wconf 83' lang='lat' dir='ltr'>cotidiene</span> <span class='ocrx_word' id='word_1_240' title='bbox 641 3005 840 3073; x_wconf 77' lang='lat' dir='ltr'>argumentum</span> <span class='ocrx_word' id='word_1_241' title='bbox 859 2997 946 3052; x_wconf 80' lang='lat' dir='ltr'>ducit.</span> 
     </span>
    </p>

    <p class='ocr_par' dir='ltr' id='par_1_6' title="bbox 51 3089 1122 4278">
     <span class='ocr_line' id='line_1_28' title="bbox 106 3089 1121 3163; baseline -0.004 -15"><span class='ocrx_word' id='word_1_242' title='bbox 106 3089 141 3148; x_wconf 81' lang='lat' dir='ltr'>tt.</span> <span class='ocrx_word' id='word_1_243' title='bbox 173 3099 198 3150; x_wconf 74' lang='grc' dir='ltr'>εἰ</span> <span class='ocrx_word' id='word_1_244' title='bbox 214 3099 243 3152; x_wconf 83' lang='lat' dir='ltr'>id</span> <span class='ocrx_word' id='word_1_245' title='bbox 259 3115 317 3150; x_wconf 80' lang='lat' dir='ltr'>uon</span> <span class='ocrx_word' id='word_1_246' title='bbox 335 3097 372 3149; x_wconf 79' lang='lat' dir='ltr'>eit</span> <span class='ocrx_word' id='word_1_247' title='bbox 394 3125 425 3137; x_wconf 92' lang='lat'>-</span> <span class='ocrx_word' id='word_1_248' title='bbox 449 3097 590 3161; x_wconf 82' lang='lat' dir='ltr'>tendetur)</span> <span class='ocrx_word' id='word_1_249' title='bbox 610 3095 678 3148; x_wconf 89' lang='lat' dir='ltr'>lude</span> <span class='ocrx_word' id='word_1_250' title='bbox 697 3109 714 3146; x_wconf 83' lang='lat' dir='ltr'>u</span> <span class='ocrx_word' id='word_1_251' title='bbox 734 3092 829 3156; x_wconf 69' lang='lat' dir='ltr'>ctat,</span> <span class='ocrx_word' id='word_1_252' title='bbox 853 3093 975 3163; x_wconf 73' lang='lat' dir='ltr'>exeeptis</span> <span class='ocrx_word' id='word_1_253' title='bbox 992 3089 1121 3144; x_wconf 76' lang='lat' dir='ltr'>Munutie</span> 
     </span>
     <span class='ocr_line' id='line_1_29' title="bbox 57 3185 1121 3258; baseline -0.004 -18"><span class='ocrx_word' id='word_1_254' title='bbox 57 3193 76 3235; x_wconf 75' lang='lat' dir='ltr'>tt</span> <span class='ocrx_word' id='word_1_255' title='bbox 89 3185 216 3258; x_wconf 76' lang='lat' dir='ltr'>lumbino,</span> <span class='ocrx_word' id='word_1_256' title='bbox 235 3189 393 3243; x_wconf 78' lang='lat' dir='ltr'>edebntnre</span> <span class='ocrx_word' id='word_1_257' title='bbox 415 3189 441 3240; x_wconf 82' lang='lat' dir='ltr'>ri</span> <span class='ocrx_word' id='word_1_258' title='bbox 458 3191 487 3242; x_wconf 84' lang='lat' dir='ltr'>id</span> <span class='ocrx_word' id='word_1_259' title='bbox 504 3205 557 3241; x_wconf 87' lang='lat' dir='ltr'>nee</span> <span class='ocrx_word' id='word_1_260' title='bbox 579 3194 673 3241; x_wconf 85' lang='lat' dir='ltr'>eet-</span> <span class='ocrx_word' id='word_1_261' title='bbox 695 3185 834 3237; x_wconf 75' lang='lat' dir='ltr'>leudetor.</span> <span class='ocrx_word' id='word_1_262' title='bbox 871 3185 958 3238; x_wconf 79' lang='lat' dir='ltr'>liniue</span> <span class='ocrx_word' id='word_1_263' title='bbox 975 3191 1121 3253; x_wconf 86' lang='lat' dir='ltr'>temquem</span> 
     </span>
     <span class='ocr_line' id='line_1_30' title="bbox 56 3276 1120 3352; baseline -0.004 -18"><span class='ocrx_word' id='word_1_264' title='bbox 56 3277 145 3348; x_wconf 66' lang='lat' dir='ltr'>espir.</span> <span class='ocrx_word' id='word_1_265' title='bbox 170 3291 197 3338; x_wconf 83' lang='lat' dir='ltr'>ot</span> <span class='ocrx_word' id='word_1_266' title='bbox 221 3285 286 3338; x_wconf 78' lang='lat' dir='ltr'>Eri.</span> <span class='ocrx_word' id='word_1_267' title='bbox 312 3283 476 3346; x_wconf 76' lang='lat' dir='ltr'>reuocauit,</span> <span class='ocrx_word' id='word_1_268' title='bbox 516 3281 589 3352; x_wconf 84' lang='lat' dir='ltr'>qued</span> <span class='ocrx_word' id='word_1_269' title='bbox 606 3277 645 3346; x_wconf 59' lang='lat' dir='ltr'>,in</span> <span class='ocrx_word' id='word_1_270' title='bbox 674 3277 796 3348; x_wconf 75' lang='lat' dir='ltr'>antiquie</span> <span class='ocrx_word' id='word_1_271' title='bbox 822 3277 990 3333; x_wconf 78' lang='lat' dir='ltr'>editionibus</span> <span class='ocrx_word' id='word_1_272' title='bbox 1018 3276 1120 3345; x_wconf 84' lang='lat' dir='ltr'>(etiem</span> 
     </span>
     <span class='ocr_line' id='line_1_31' title="bbox 56 3365 1121 3446; baseline -0.001 -23"><span class='ocrx_word' id='word_1_273' title='bbox 56 3365 131 3438; x_wconf 70' lang='lat' dir='ltr'>llenb</span> <span class='ocrx_word' id='word_1_274' title='bbox 146 3374 238 3430; x_wconf 78' lang='lat' dir='ltr'>lueret</span> <span class='ocrx_word' id='word_1_275' title='bbox 256 3375 389 3446; x_wconf 85' lang='lat' dir='ltr'>quodque</span> <span class='ocrx_word' id='word_1_276' title='bbox 407 3374 452 3427; x_wconf 91' lang='lat' dir='ltr'>illi</span> <span class='ocrx_word' id='word_1_277' title='bbox 474 3377 642 3438; x_wconf 85' lang='lat' dir='ltr'>tenuerent,</span> <span class='ocrx_word' id='word_1_278' title='bbox 662 3371 804 3427; x_wconf 85' lang='lat' dir='ltr'>tendutur.</span> <span class='ocrx_word' id='word_1_279' title='bbox 856 3373 899 3425; x_wconf 83' lang='lat' dir='ltr'>De</span> <span class='ocrx_word' id='word_1_280' title='bbox 917 3369 1016 3436; x_wconf 77' lang='lat' dir='ltr'>cedd,</span> <span class='ocrx_word' id='word_1_281' title='bbox 1038 3375 1070 3423; x_wconf 89' lang='lat' dir='ltr'>ut</span> <span class='ocrx_word' id='word_1_282' title='bbox 1088 3385 1121 3422; x_wconf 80' lang='lat' dir='ltr'>ex</span> 
     </span>
     <span class='ocr_line' id='line_1_32' title="bbox 56 3457 1122 3537; baseline 0.006 -28"><span class='ocrx_word' id='word_1_283' title='bbox 56 3457 97 3513; x_wconf 78' lang='lat' dir='ltr'>iri</span> <span class='ocrx_word' id='word_1_284' title='bbox 120 3473 207 3534; x_wconf 85' lang='lat' dir='ltr'>potet,</span> <span class='ocrx_word' id='word_1_285' title='bbox 242 3468 372 3531; x_wconf 72' lang='lat' dir='ltr'>errauit,</span> <span class='ocrx_word' id='word_1_286' title='bbox 413 3468 469 3520; x_wconf 85' lang='lat' dir='ltr'>bue</span> <span class='ocrx_word' id='word_1_287' title='bbox 488 3465 680 3530; x_wconf 83' lang='lat' dir='ltr'>trenelereur,</span> <span class='ocrx_word' id='word_1_288' title='bbox 717 3465 791 3537; x_wconf 87' lang='lat' dir='ltr'>quod</span> <span class='ocrx_word' id='word_1_289' title='bbox 811 3467 908 3536; x_wconf 91' lang='lat' dir='ltr'>peuilu</span> <span class='ocrx_word' id='word_1_290' title='bbox 926 3469 989 3534; x_wconf 85' lang='lat' dir='ltr'>poet</span> <span class='ocrx_word' id='word_1_291' title='bbox 1009 3463 1085 3528; x_wconf 86' lang='lat' dir='ltr'>(nete</span> <span class='ocrx_word' id='word_1_292' title='bbox 1104 3480 1122 3515; x_wconf 85' lang='lat' dir='ltr'>u</span> 
     </span>
     <span class='ocr_line' id='line_1_33' title="bbox 55 3553 1121 3630; baseline 0.005 -27"><span class='ocrx_word' id='word_1_293' title='bbox 55 3553 137 3622; x_wconf 78' lang='lat' dir='ltr'>rute)</span> <span class='ocrx_word' id='word_1_294' title='bbox 156 3560 292 3630; x_wconf 86' lang='lat' dir='ltr'>reriptum</span> <span class='ocrx_word' id='word_1_295' title='bbox 313 3565 391 3619; x_wconf 71' lang='lat' dir='ltr'>eret:</span> <span class='ocrx_word' id='word_1_296' title='bbox 411 3559 455 3614; x_wconf 85' lang='lat' dir='ltr'>illi</span> <span class='ocrx_word' id='word_1_297' title='bbox 478 3555 685 3614; x_wconf 85' lang='lat' dir='ltr'>coniunctiueru</span> <span class='ocrx_word' id='word_1_298' title='bbox 707 3575 772 3612; x_wconf 86' lang='lat' dir='ltr'>eum</span> <span class='ocrx_word' id='word_1_299' title='bbox 792 3558 892 3614; x_wconf 75' lang='lat' dir='ltr'>ceteris</span> <span class='ocrx_word' id='word_1_300' title='bbox 910 3564 1036 3612; x_wconf 89' lang='lat' dir='ltr'>tuentur.</span> <span class='ocrx_word' id='word_1_301' title='bbox 1071 3555 1121 3608; x_wconf 76' lang='lat' dir='ltr'>et·</span> 
     </span>
     <span class='ocr_line' id='line_1_34' title="bbox 55 3647 1120 3720; baseline 0.003 -26"><span class='ocrx_word' id='word_1_302' title='bbox 55 3659 94 3710; x_wconf 82' lang='lat' dir='ltr'>que</span> <span class='ocrx_word' id='word_1_303' title='bbox 108 3647 128 3698; x_wconf 85' lang='lat' dir='ltr'>ie</span> <span class='ocrx_word' id='word_1_304' title='bbox 142 3651 208 3706; x_wconf 80' lang='lat' dir='ltr'>odeo</span> <span class='ocrx_word' id='word_1_305' title='bbox 229 3651 405 3706; x_wconf 81' lang='lat' dir='ltr'>neeeeeeriue</span> <span class='ocrx_word' id='word_1_306' title='bbox 424 3656 466 3706; x_wconf 84' lang='lat' dir='ltr'>eet</span> <span class='ocrx_word' id='word_1_307' title='bbox 491 3651 518 3704; x_wconf 90' lang='lat' dir='ltr'>in</span> <span class='ocrx_word' id='word_1_308' title='bbox 536 3651 592 3704; x_wconf 80' lang='lat' dir='ltr'>bue</span> <span class='ocrx_word' id='word_1_309' title='bbox 612 3651 711 3704; x_wconf 81' lang='lat' dir='ltr'>ulieuu</span> <span class='ocrx_word' id='word_1_310' title='bbox 728 3651 890 3716; x_wconf 79' lang='lat' dir='ltr'>eontentie,</span> <span class='ocrx_word' id='word_1_311' title='bbox 910 3669 926 3705; x_wconf 88' lang='lat' dir='ltr'>u</span> <span class='ocrx_word' id='word_1_312' title='bbox 947 3665 1002 3720; x_wconf 84' lang='lat' dir='ltr'>que</span> <span class='ocrx_word' id='word_1_313' title='bbox 1020 3647 1120 3702; x_wconf 81' lang='lat' dir='ltr'>Cicero</span> 
     </span>
     <span class='ocr_line' id='line_1_35' title="bbox 54 3735 1120 3816; baseline 0.005 -33"><span class='ocrx_word' id='word_1_314' title='bbox 54 3735 195 3807; x_wconf 70' lang='lat' dir='ltr'>ieegfrmrue</span> <span class='ocrx_word' id='word_1_315' title='bbox 212 3745 369 3811; x_wconf 76' lang='lat' dir='ltr'>abherret,</span> <span class='ocrx_word' id='word_1_316' title='bbox 406 3763 457 3816; x_wconf 89' lang='lat' dir='ltr'>per</span> <span class='ocrx_word' id='word_1_317' title='bbox 475 3741 628 3812; x_wconf 83' lang='lat' dir='ltr'>obliquum.</span> <span class='ocrx_word' id='word_1_318' title='bbox 646 3743 804 3798; x_wconf 84' lang='lat' dir='ltr'>eretieuem</span> <span class='ocrx_word' id='word_1_319' title='bbox 831 3741 1053 3815; x_wconf 77' lang='lat' dir='ltr'>rignilieetioue,</span> <span class='ocrx_word' id='word_1_320' title='bbox 1089 3743 1120 3788; x_wconf 88' lang='lat' dir='ltr'>nt</span> 
     </span>
     <span class='ocr_line' id='line_1_36' title="bbox 52 3827 1119 3908; baseline 0.004 -29"><span class='ocrx_word' id='word_1_321' title='bbox 52 3841 91 3880; x_wconf 89' lang='lat' dir='ltr'>eeu</span> <span class='ocrx_word' id='word_1_322' title='bbox 113 3832 257 3892; x_wconf 85' lang='lat' dir='ltr'>dubiturim</span> <span class='ocrx_word' id='word_1_323' title='bbox 285 3837 373 3892; x_wconf 83' lang='lat' dir='ltr'>etiem</span> <span class='ocrx_word' id='word_1_324' title='bbox 395 3839 432 3890; x_wconf 85' lang='lat' dir='ltr'>u&#39;t</span> <span class='ocrx_word' id='word_1_325' title='bbox 455 3855 508 3908; x_wconf 88' lang='lat' dir='ltr'>pre</span> <span class='ocrx_word' id='word_1_326' title='bbox 534 3843 575 3890; x_wconf 85' lang='lat' dir='ltr'>ert</span> <span class='ocrx_word' id='word_1_327' title='bbox 610 3853 757 3906; x_wconf 82' lang='lat' dir='ltr'>reponere.</span> <span class='ocrx_word' id='word_1_328' title='bbox 813 3839 886 3893; x_wconf 87' lang='lat' dir='ltr'>Nern</span> <span class='ocrx_word' id='word_1_329' title='bbox 924 3834 998 3905; x_wconf 88' lang='lat' dir='ltr'>qued</span> <span class='ocrx_word' id='word_1_330' title='bbox 1033 3827 1119 3882; x_wconf 70' lang='lat' dir='ltr'>Gelon</span> 
     </span>
     <span class='ocr_line' id='line_1_37' title="bbox 52 3919 1120 4000; baseline -0.007 -21"><span class='ocrx_word' id='word_1_331' title='bbox 52 3933 132 3990; x_wconf 70' lang='lat' dir='ltr'>ffltguo</span> <span class='ocrx_word' id='word_1_332' title='bbox 148 3945 208 3982; x_wconf 89' lang='lat' dir='ltr'>eum</span> <span class='ocrx_word' id='word_1_333' title='bbox 227 3925 347 4000; x_wconf 81' lang='lat' dir='ltr'>etrepitu</span> <span class='ocrx_word' id='word_1_334' title='bbox 366 3931 465 3995; x_wconf 84' lang='lat' dir='ltr'>doeet,</span> <span class='ocrx_word' id='word_1_335' title='bbox 496 3929 644 4000; x_wconf 71' lang='lat' dir='ltr'>perticuli·</span> <span class='ocrx_word' id='word_1_336' title='bbox 662 3930 718 3982; x_wconf 75' lang='lat' dir='ltr'>elei</span> <span class='ocrx_word' id='word_1_337' title='bbox 729 3931 808 3994; x_wconf 82' lang='lat' dir='ltr'>ferte</span> <span class='ocrx_word' id='word_1_338' title='bbox 826 3926 1008 3982; x_wconf 80' lang='lat' dir='ltr'>indicetiuem</span> <span class='ocrx_word' id='word_1_339' title='bbox 1028 3919 1120 3974; x_wconf 82' lang='lat' dir='ltr'>eubiei</span> 
     </span>
     <span class='ocr_line' id='line_1_38' title="bbox 51 4011 1118 4092; baseline 0.005 -31"><span class='ocrx_word' id='word_1_340' title='bbox 51 4011 131 4082; x_wconf 81' lang='lat' dir='ltr'>tulere,</span> <span class='ocrx_word' id='word_1_341' title='bbox 149 4035 181 4072; x_wconf 88' lang='lat' dir='ltr'>no</span> <span class='ocrx_word' id='word_1_342' title='bbox 198 4019 279 4092; x_wconf 79' lang='lat' dir='ltr'>pueri</span> <span class='ocrx_word' id='word_1_343' title='bbox 299 4019 423 4092; x_wconf 80' lang='lat' dir='ltr'>quidem,</span> <span class='ocrx_word' id='word_1_344' title='bbox 446 4022 469 4077; x_wconf 85' lang='lat' dir='ltr'>ei</span> <span class='ocrx_word' id='word_1_345' title='bbox 492 4023 576 4077; x_wconf 88' lang='lat' dir='ltr'>mede</span> <span class='ocrx_word' id='word_1_346' title='bbox 596 4021 785 4076; x_wconf 76' lang='lat' dir='ltr'>tolerabiliter</span> <span class='ocrx_word' id='word_1_347' title='bbox 803 4015 922 4074; x_wconf 71' lang='lat' dir='ltr'>instituti</span> <span class='ocrx_word' id='word_1_348' title='bbox 942 4019 1017 4078; x_wconf 78' lang='lat' dir='ltr'>eunt,</span> <span class='ocrx_word' id='word_1_349' title='bbox 1037 4011 1118 4082; x_wconf 80' lang='lat' dir='ltr'>igue-</span> 
     </span>
     <span class='ocr_line' id='line_1_39' title="bbox 52 4105 1117 4183; baseline -0.003 -22"><span class='ocrx_word' id='word_1_350' title='bbox 52 4113 108 4170; x_wconf 81' lang='lat' dir='ltr'>nrt,</span> <span class='ocrx_word' id='word_1_351' title='bbox 124 4109 150 4163; x_wconf 87' lang='lat' dir='ltr'>id</span> <span class='ocrx_word' id='word_1_352' title='bbox 166 4114 200 4166; x_wconf 83' lang='lat' dir='ltr'>ed</span> <span class='ocrx_word' id='word_1_353' title='bbox 218 4111 429 4171; x_wconf 76' lang='lat' dir='ltr'>coniunctiueru</span> <span class='ocrx_word' id='word_1_354' title='bbox 441 4116 478 4170; x_wconf 90' lang='lat' dir='ltr'>eb</span> <span class='ocrx_word' id='word_1_355' title='bbox 497 4114 585 4170; x_wconf 88' lang='lat' dir='ltr'>elium</span> <span class='ocrx_word' id='word_1_356' title='bbox 604 4130 730 4169; x_wconf 81' lang='lat' dir='ltr'>ceueeem</span> <span class='ocrx_word' id='word_1_357' title='bbox 749 4112 870 4183; x_wconf 82' lang='lat' dir='ltr'>oblique</span> <span class='ocrx_word' id='word_1_358' title='bbox 890 4107 1025 4166; x_wconf 83' lang='lat' dir='ltr'>erutionir</span> <span class='ocrx_word' id='word_1_359' title='bbox 1044 4105 1117 4175; x_wconf 79' lang='lat' dir='ltr'>peri-</span> 
     </span>
     <span class='ocr_line' id='line_1_40' title="bbox 52 4200 344 4278; baseline 0.027 -24"><span class='ocrx_word' id='word_1_360' title='bbox 52 4201 95 4250; x_wconf 77' lang='lat' dir='ltr'>¹¹¹u</span> <span class='ocrx_word' id='word_1_361' title='bbox 111 4200 175 4258; x_wconf 85' lang='lat' dir='ltr'>nibil</span> <span class='ocrx_word' id='word_1_362' title='bbox 194 4203 344 4278; x_wconf 77' lang='lat' dir='ltr'>pertinere.</span> 
     </span>
    </p>

    <p class='ocr_par' dir='ltr' id='par_1_7' title="bbox 103 4297 1119 4372">
     <span class='ocr_line' id='line_1_41' title="bbox 103 4297 1119 4372; baseline -0.005 -18"><span class='ocrx_word' id='word_1_363' title='bbox 103 4299 133 4354; x_wconf 69' lang='lat' dir='ltr'>‘b</span> <span class='ocrx_word' id='word_1_364' title='bbox 152 4297 176 4349; x_wconf 79' lang='lat' dir='ltr'>ti</span> <span class='ocrx_word' id='word_1_365' title='bbox 191 4299 300 4372; x_wconf 78' lang='lat' dir='ltr'>quoodo</span> <span class='ocrx_word' id='word_1_366' title='bbox 321 4307 401 4372; x_wconf 83' lang='lat' dir='ltr'>turpe</span> <span class='ocrx_word' id='word_1_367' title='bbox 418 4317 471 4354; x_wconf 85' lang='lat' dir='ltr'>nee</span> <span class='ocrx_word' id='word_1_368' title='bbox 490 4302 526 4356; x_wconf 82' lang='lat' dir='ltr'>rit</span> <span class='ocrx_word' id='word_1_369' title='bbox 544 4300 612 4370; x_wconf 79' lang='lat' dir='ltr'>dee.)</span> <span class='ocrx_word' id='word_1_370' title='bbox 631 4297 776 4356; x_wconf 72' lang='lat' dir='ltr'>Sententia</span> <span class='ocrx_word' id='word_1_371' title='bbox 805 4313 878 4353; x_wconf 84' lang='lat' dir='ltr'>nune</span> <span class='ocrx_word' id='word_1_372' title='bbox 903 4299 930 4348; x_wconf 87' lang='lat' dir='ltr'>et</span> <span class='ocrx_word' id='word_1_373' title='bbox 963 4299 1061 4364; x_wconf 77' lang='lat' dir='ltr'>aperto</span> <span class='ocrx_word' id='word_1_374' title='bbox 1092 4303 1119 4349; x_wconf 82' lang='lat' dir='ltr'>ot</span> 
     </span>
    </p>
   </div>
   <div class='ocr_carea' id='block_1_5' title="bbox 0 0 1348 4880">
    <p class='ocr_par' dir='ltr' id='par_1_8' title="bbox 0 0 1348 4880">
     <span class='ocr_line' id='line_1_42' title="bbox 0 0 1348 4880; baseline 0 2"><span class='ocrx_word' id='word_1_375' title='bbox 0 0 1348 4880; x_wconf 95' lang='lat' dir='ltr'> </span> 
     </span>
    </p>
   </div>
  </div>
 </body>
</html>
