2848 4888
467 279 704 348 EXCURSUS
729 281 788 346 1v.
1110 289 1175 353 &5

83 477 117 530 elr
135 472 274 530 Artieclro
299 483 463 546 receperat,
497 475 598 532 ilenti
620 479 727 541 uellet,
754 484 785 532 nt
804 477 958 549 Epicurum
983 479 1176 539 lnceretrntie

82 585 224 652 argueret,
242 579 316 651 qnod
327 580 364 632 elr
376 595 409 634 ee
421 579 499 634 illine
518 580 622 645 terme,
641 597 724 652 quem
744 582 960 654 porelrrct,non
978 585 1013 638 ed
1034 601 1109 652 eum,
1126 588 1177 658 qui

83 683 107 737 ei
119 683 312 754 responderet,
320 681 405 738 linem
415 683 598 754 peruenirret,
617 695 726 742 ceteror
734 693 834 741 contre
852 684 1036 760 philosopher
1044 689 1097 744 eibi
1109 707 1176 747 con·

81 787 302 854 rtercdoceret,
340 787 492 858 inprudcnr
516 807 568 862 pro
595 791 647 844 ille
674 791 800 846 uniuerrl
827 791 950 846 hominio
975 795 1176 850 conetilutiono

81 893 243 947 stoicorum
270 897 420 964 regentem
435 893 592 964 primorem
612 901 716 950 netere
731 895 873 950 notionem
892 905 921 950 et
931 899 1174 954 enumerationem

80 998 234 1062 rubetituit,
252 1015 307 1068 quo
325 997 432 1052 tectum
443 1001 479 1064 ri,
498 999 567 1054 etin
587 999 815 1070 inexplicabilem
834 1000 1050 1072 peruersitatem
1068 1003 1175 1057 incide·

82 1111 133 1156 ret.
184 1102 257 1156 liem
283 1109 430 1173 poriqurm
456 1103 526 1157 dicit
544 1103 691 1158 Polemoni
713 1113 741 1159 et
759 1105 906 1160 Arirtoleli
922 1103 1017 1176 prime
1035 1107 1097 1160 eleo
1115 1123 1176 1160 eeee

80 1207 215 1268 roe-dre,
242 1221 354 1268 cerere,
373 1207 602 1276 ingementem,
624 1209 809 1278 integritatem
827 1210 961 1278 corporis,
982 1211 1175 1277 ualetudinem,

80 1312 253 1365 lrincretem
264 1327 325 1364 erre
343 1311 384 1366 rit
402 1319 529 1365 uetern-
548 1313 727 1378 eontentiem,
746 1315 873 1368 otlinem
891 1315 1176 1382 bonornmdiceceni,

79 1415 231 1468 ercnndnm
250 1422 381 1470 nrtnrem
401 1414 516 1480 ninere,
553 1413 582 1468 id
602 1423 652 1482 erl,
674 1415 778 1471 uirtute
798 1417 946 1482 edicibile,
965 1418 1022 1472 irui
1040 1417 1176 1490 primier

79 1519 273 1574 nelerrdetir.
302 1521 442 1574 Ettrmen
461 1519 526 1590 qnid
544 1523 590 1576 nel
610 1519 789 1576 mediocriter
810 1521 973 1576 edtcndenti
988 1522 1111 1593 opertior
1122 1526 1175 1586 cet,

80 1639 167 1695 qerrr
176 1624 246 1678 illud
258 1625 543 1678 rercndcmeetnrcrn
559 1623 726 1699 eiecrcponi
737 1625 870 1696 potuisse,
887 1627 949 1680 ciue
958 1623 1010 1680 ille
1022 1627 1083 1680 rinc
1091 1625 1176 1698 longe

80 1729 139 1783 elie
158 1729 250 1800 prime
268 1725 407 1794 iecirrent,
426 1728 485 1783 rior
502 1721 607 1797 eutem,
625 1731 698 1801 qnod
718 1729 746 1783 in
766 1729 934 1799 explicrede
951 1731 1006 1785 lrec
1023 1732 1093 1794 uite,
1115 1749 1176 1802 que

79 1837 190 1888 oriere
207 1832 368 1899 conueniet,
384 1847 527 1888 remmom
545 1842 581 1896 et,
599 1835 726 1888 adliditc
742 1836 864 1896 uirtute,
883 1835 912 1889 in
931 1833 989 1889 illie
1014 1833 1113 1907 primic
1140 1851 1177 1890 ne

79 1939 237 1994 mintionem
252 1938 364 2010 peridem
382 1955 441 1992 cece
459 1937 703 2009 rignillcotionrm.
738 1944 837 2009 lteque
856 1933 954 1993 Cicero
972 1939 1017 1992 lrir
1032 1939 1176 1994 ueteribur

79 2041 107 2096 io
138 2043 238 2096 cedem
269 2041 430 2097 constantie
456 2044 542 2096 leode
567 2041 698 2112 ediungit
726 2043 935 2112 Calliphontem
964 2048 992 2096 et
1012 2041 1178 2108 Diodorum,

78 2161 153 2218 quor
171 2148 269 2201 eedem
290 2147 383 2218 priene
402 2147 534 2201 Aeboirrc
552 2143 714 2217 rignidcore
732 2145 860 2213 nidetnr3
880 2141 957 2203 certe
975 2142 1032 2200 elie
1051 2162 1105 2199 nor
1125 2161 1176 2200 no·

81 2251 191 2318 minute
211 2258 240 2306 et
257 2259 351 2306 temen
371 2250 400 2305 in
418 2253 475 2306 fleo
489 2252 628 2304 leonorttm
646 2251 816 2320 diecrepenl.
848 2249 891 2304 lle
910 2247 1045 2320 Aristippi
1065 2249 1177 2304 elliie·

78 2351 196 2427 ronymi
214 2363 243 2411 et
261 2355 421 2410 Stoicorum
440 2355 540 2426 primic
557 2353 720 2410 Ciceronem
739 2354 846 2428 eliqnid
863 2347 963 2410 ditirrc
983 2351 1085 2416 uideri,
1102 2353 1176 2426 qood

80 2458 233 2530 ceciderit,
257 2461 286 2514 in
312 2459 496 2516 ednotetinee
514 2458 644 2530 experri,
687 2460 734 2514 red
752 2459 815 2514 rinc
831 2458 900 2514 dixit
917 2456 1023 2529 eliqeid
1041 2458 1102 2513 elne
1121 2475 1176 2512 non

79 2565 163 2632 dixit,
182 2579 243 2638 qne
261 2561 288 2618 ci
306 2563 547 2620 interdicicorum
567 2561 658 2635 prime
670 2569 699 2618 et
712 2579 852 2618 eenrmum
872 2564 1026 2618 bonumir
1046 2577 1102 2617 noe
1120 2559 1179 2615 uir·

78 2678 143 2727 tute
161 2669 282 2741 potitum
301 2669 374 2724 rrtio
393 2669 568 2724 intercedere
586 2666 710 2731 uicerit,
726 2665 845 2722 difficile
862 2675 887 2721 et
905 2665 1049 2738 respirari.
1086 2668 1179 2738 Atque

78 2776 159 2832 irene
181 2776 291 2830 lentem
308 2774 502 2830 centurionem
522 2767 651 2826 Ciceroni
669 2771 804 2825 eccidirec
816 2788 849 2824 co
866 2771 1124 2840 mogirmirrndnm
1143 2781 1179 2838 ct,

78 2881 159 2952 qnod
187 2879 216 2934 ln
240 2878 303 2952 ipre
327 2877 481 2934 cerneris
506 2875 644 2931 dioieiore
669 2875 875 2930 contentionem
901 2876 1066 2929 desummo
1092 2875 1178 2941 bono,

78 3004 139 3059 qne
167 2987 232 3058 pori
254 2983 425 3040 Antiochum
451 2981 560 3046 utitor,
588 2981 704 3051 aliquod
723 2984 818 3036 lemen
839 2979 970 3033 relictum
991 2985 1053 3033 eret
1074 2981 1176 3032 herum

80 3091 232 3148 notionem
254 3089 413 3145 dlrcrimen.

157 3195 316 3250 Geromdee
337 3192 422 3259 enim,
441 3192 488 3264 qni
508 3203 525 3246 n
544 3187 680 3244 cicerone
693 3193 809 3259 propter
827 3186 973 3258 egregium
996 3187 1023 3239 in
1049 3184 1178 3239 dielecti-

79 3301 122 3357 cir
151 3297 381 3354 exercitetlonenr
410 3297 481 3366 (ΙΙΙ,
506 3297 556 3364 41)
573 3295 726 3355 tendetur,
761 3307 860 3363 reepre
879 3297 973 3346 eutem
991 3289 1061 3344 rotie
1079 3289 1181 3344 hebelt

78 3403 225 3460 acuminie
242 3405 278 3458 ed
292 3403 452 3458 Stoicorum
472 3402 507 3454 de
520 3398 681 3472 cognitione
700 3415 795 3452 rerum
814 3396 971 3451 doctricem
991 3411 1092 3466 perum
1113 3395 1180 3448 eub-

78 3511 167 3565 lilcm
184 3507 394 3573 cenillendem,
412 3514 537 3560 ceterum
556 3521 645 3574 ecque
664 3501 775 3556 erdenti
795 3501 888 3555 etudio
907 3501 942 3554 erl
964 3501 1113 3554 ueritatem
1133 3513 1181 3549 ex-

79 3613 255 3686 quirendam
275 3611 457 3683 repiebatur,
475 3617 505 3664 et
522 3626 539 3664 e
558 3606 656 3662 subtili
674 3605 821 3668 notionum
838 3604 1098 3671 cententierunrquc
1116 3616 1181 3670 pro·

79 3715 217 3792 prietelir
231 3711 429 3788 pertpiciende
446 3729 515 3768 core
530 3715 592 3767 lem
612 3711 797 3771 abhorrebat,
815 3714 846 3762 ut
864 3717 892 3760 ct
906 3705 965 3776 ipro
980 3703 1124 3758 rlrctorice
1141 3704 1183 3756 lc·

80 3823 181 3879 nitate
199 3829 227 3876 et
245 3821 351 3875 lucere
364 3819 483 3874 iactaret
504 3824 533 3873 ct
550 3816 641 3870 mrrlto
658 3823 720 3885 poet
737 3813 887 3878 Antiocho,
905 3810 953 3882 qui
975 3811 1011 3864 rb
1029 3807 1089 3860 eine
1105 3809 1183 3860 eccle

79 3925 219 3990 cleeeiuit,
239 3933 336 3980 temen
353 3922 569 3993 Peripeteticor,
586 3919 778 3983 Academicos,
798 3916 907 3970 Stoicoe
922 3912 949 3967 in
967 3927 1051 3966 onem
1070 3913 1185 3966 turbem

82 4027 229 4089 coiciendi
248 4027 325 4084 uiam
345 4027 516 4082 monsireret
535 4026 600 4094 (lli,
620 4025 688 4090 ti),
709 4021 756 4074 iric
775 4021 863 4090 igitur
882 4016 1003 4072 instituit
1020 4016 1186 4070 diceenticn·

79 4140 163 4194 tium
182 4134 419 4208 philosophorum
438 4133 473 4186 de
491 4147 601 4184 nummo
620 4129 695 4182 irone
713 4121 868 4180 sententiae
895 4121 936 4176 itn
963 4121 1108 4184 diuidere,
1145 4127 1187 4184 ut,

80 4247 161 4314 quot
180 4256 240 4293 cere
258 4237 372 4294 omnino
390 4241 513 4309 poercnt,
532 4235 692 4304 edpeterel.
728 4231 798 4284 Eem
818 4227 993 4292 diuisionem,
1012 4239 1071 4296 qne·
1090 4223 1187 4277 Aetio·

81 4347 147 4402 clro
166 4343 288 4416 probato
307 4343 387 4405 croi,
409 4339 507 4398 Cicero
528 4339 642 4412 exponit
660 4338 690 4391 in
711 4333 795 4390 hoiue
816 4331 907 4404 opcrie
929 4330 1002 4387 libro
1019 4331 1059 4395 V,
1079 4329 1113 4384 lii
1129 4345 1187 4399 sqq.

944 4441 991 4495 53*
