2788 4886
290 313 352 380 Lll
720 303 971 377 tumulltu.

292 499 415 570 Uerum
437 493 596 574 Boiotro,
642 493 718 560 dum
742 493 853 558 omnin
871 491 1010 580 conligit
1044 503 1078 558 ct
1112 489 1277 571 colondit,
1307 509 1333 560 ot

290 605 462 674 admiscuit
482 601 606 682 cliens,
629 621 736 686 usqne
759 598 901 664 cuneum
922 595 1029 662 libero
1052 596 1094 662 ds
1113 594 1281 666 Cicerone
1309 600 1333 668 iu

291 735 378 781 eure.
425 710 497 798 Ego
523 708 632 774 iuliis
655 706 751 773 libris
774 727 907 792 opernm
930 703 1015 783 dedi,
1038 715 1075 766 nt
1098 701 1132 768 id
1158 706 1280 790 ipsum,
1307 723 1333 790 qt

291 817 444 886 Ciceroni
453 837 583 904 quoqne
593 813 667 880 loco
680 811 891 880 obuersatum
903 821 1001 888 essen
1018 809 1171 876 distincte
1181 831 1333 896 exponet

291 922 633 1014 significaremquc,iu
657 921 754 984 tertio
776 919 992 1004 potissumum
1013 914 1112 993 libro,
1133 913 1191 980 ubi
1212 918 1333 984 Cicern

291 1030 496 1098 difficillumn
507 1026 679 1110 disciplina
694 1045 850 1091 maxume
868 1026 962 1112 quusi
975 1044 1103 1088 summa
1119 1023 1257 1111 fastigia
1278 1045 1333 1088 ren

291 1141 451 1226 seqnitur,
460 1133 624 1224 quomodo
636 1153 709 1196 cum
721 1129 797 1196 aliis
807 1131 954 1196 eiusdem
966 1128 1148 1216 disciplinae
1159 1129 1312 1214 portibus
1326 1151 1333 1194 t

292 1240 581 1332 p'utntiouibnsque
593 1237 795 1304 cohererent
807 1260 858 1316 en,
871 1259 943 1324 quse
955 1238 985 1300 is
995 1237 1174 1321 posuisset.
1204 1236 1333 1316 Deindt

291 1351 367 1438 quid
389 1353 497 1416 minus
517 1349 558 1416 nb
581 1367 622 1410 co
644 1358 701 1409 ont
722 1347 894 1432 perspicue
911 1359 969 1410 snt
989 1358 1078 1412 recte
1098 1343 1309 1412 intellectum
1332 1375 1333 1414 ι

292 1461 500 1545 positumque
524 1449 727 1528 indicabam,
751 1453 865 1537 operui
887 1463 921 1516 et
943 1455 1076 1534 notaui,
1098 1475 1140 1519 es
1160 1473 1293 1540 quoquc
1319 1473 1333 1536 p

292 1583 453 1649 sequens,
487 1579 559 1646 qun
581 1579 646 1624 non
672 1571 738 1622 tam
762 1579 783 1622 n
804 1558 944 1624 decretis
969 1557 1157 1626 Grncorurn
1180 1556 1333 1626 oberrobt

294 1689 391 1756 qurum
417 1664 458 1732 nl)
483 1669 557 1753 ipro
581 1662 740 1730 Cicerone
764 1665 798 1728 iu
821 1667 1025 1750 argumentis
1054 1665 1287 1732 concludendis
1317 1685 1333 1728 s

293 1777 468 1860 tentiisque
498 1769 706 1859 explicandis
729 1771 837 1834 minus
868 1783 963 1836 nocte
995 1785 1028 1836 ct
1057 1773 1210 1838 distincte
1243 1773 1333 1856 cogit

293 1903 399 1968 nequo
422 1881 601 1966 nptissume
633 1875 744 1942 uerbis
768 1878 992 1962 conprehensa
1017 1899 1090 1944 cmo
1113 1875 1333 1955 uidebuntur,

293 1989 414 2054 sensim
440 1985 481 2052 nd
505 1987 685 2052 orationem
704 1981 933 2070 scribendique
955 2005 1061 2071 genus
1085 1983 1295 2053 dolnberetur
1320 2003 1333 2056 s

293 2095 489 2160 mnducrsio.
558 2089 610 2156 Dc
640 2110 705 2176 qno
731 2093 887 2156 uniuerso
922 2111 1044 2178 genere
1076 2093 1124 2156 its
1145 2091 1251 2158 dicsm
1274 2109 1333 2176 pou

291 2213 385 2284 port,
427 2197 551 2264 nullum
576 2208 654 2263 uto
685 2217 737 2261 me
762 2195 914 2261 Ciceroni
943 2200 1096 2264 iniurium
1126 2199 1247 2264 lectum
1279 2217 1333 2282 net

292 2307 524 2393 iniqnoanimo
546 2289 639 2368 deno
662 2302 841 2366 iudicatum
862 2321 937 2368 estc
953 2302 1052 2368 focile
1067 2304 1233 2388 udpnrcnt.
1267 2301 1333 2368 Not

293 2426 402 2478 nutem
429 2410 499 2474 hnc
519 2426 653 2494 prorsus
675 2427 809 2472 necesse
832 2421 881 2484 ιιι
919 2411 993 2495 quis
1014 2411 1101 2476 enim
1126 2423 1254 2496 potest,
1298 2431 1333 2494 qu

292 2517 379 2582 rnulo
404 2517 560 2600 scriptum
580 2525 664 2578 stet
684 2531 758 2576 cum
781 2517 952 2579 sententian
973 2519 1071 2591 uitio,
1092 2519 1264 2604 perspicue
1275 2517 1333 2580 dcc

291 2645 379 2701 rnre,
402 2621 466 2684 uisi
489 2639 529 2683 oc
554 2620 637 2683 uitio
660 2617 903 2686 demousnutol
924 2621 1039 2710 Imque
1063 2621 1165 2709 uolgo
1189 2637 1333 2710 proteum

294 2741 418 2804 tumtur,
441 2725 527 2813 quod
552 2727 716 2790 incuriose
739 2737 773 2792 ct
793 2747 907 2811 porum
932 2727 1097 2796 subtiliter
1120 2729 1253 2818 legitur.
1296 2729 1333 2810 Τι

292 2837 333 2902 do
358 2855 438 2900 uem
461 2830 638 2900 multorum
659 2830 808 2898 locorum
831 2837 991 2921 scripturn
1014 2834 1109 2902 nullo
1132 2837 1228 2904 modo
1247 2838 1333 2902 iudio

290 2963 401 3030 posse,
420 2942 486 3006 nisi
509 2937 572 3004 lroo
591 2959 712 3025 genere
725 2952 896 3025 perspecto
916 2953 949 3004 ct
969 2941 1146 3023 declnrnto,
1165 2943 1276 3025 paullo
1296 2965 1333 3010 nu

292 3070 390 3136 quom
407 3047 451 3111 de
472 3047 660 3110 coniectura
682 3045 773 3124 dixi,
812 3041 966 3133 esposui.
1009 3047 1060 3114 Ac
1081 3052 1110 3114 si
1135 3053 1190 3137 qni
1212 3049 1333 3136 putnbn

292 3159 390 3222 nimis
415 3167 525 3217 tomen
548 3149 723 3216 molestum
747 3171 800 3216 mc
832 3152 956 3226 luisse,
1002 3157 1059 3239 qui
1088 3177 1130 3220 ne
1162 3156 1222 3222 illu
1252 3158 1333 3242 quid

291 3263 363 3326 miti
385 3258 520 3324 silentio
541 3258 799 3338 transmiserim,
819 3281 890 3344 qum
913 3260 1021 3345 quinis
1043 3283 1102 3348 per
1123 3283 1159 3328 ss
1180 3263 1333 3328 nnimndm

292 3379 340 3432 tut
362 3368 434 3430 sinc
458 3365 701 3442 admonitione,
745 3367 770 3429 ii
803 3365 1029 3447 considerent,
1076 3389 1172 3454 quum
1203 3391 1248 3434 ox
1279 3383 1333 3434 tur

292 3472 473 3548 hominum,
494 3471 523 3532 si
545 3469 622 3556 quid
643 3467 820 3554 aliquando
842 3471 1106 3538 nnirnadnersum
1128 3477 1183 3557 sit,
1206 3478 1333 3561 perspic

292 3593 364 3657 tur,
396 3574 496 3660 uolgo
522 3595 588 3640 nun
609 3575 839 3658 animaduerti,
862 3589 899 3642 ut
922 3577 976 3644 nol
1000 3577 1069 3645 herc
1094 3583 1138 3646 sit
1160 3583 1240 3646 sutis
1262 3604 1333 3669 mag

291 3682 425 3752 notandi
452 3700 587 3760 consus,
617 3692 653 3742 ut
675 3679 869 3748 adsuescunt
891 3684 1041 3750 nonnulli
1063 3707 1128 3752 nou
1149 3687 1333 3775 perturbari

290 3853 519 3874 uua-*-

359 3977 462 4031 horim
479 3969 675 4042 augendorum
694 3987 793 4026 rrumr
811 3969 877 4026 anui
898 3977 946 4038 (ut
970 3977 1024 4034 lucc
1052 3982 1131 4049 utar)
1151 3978 1187 4034 de
1206 3977 1333 4053 llicronp

358 4063 553 4140 Periprtotiec
579 4061 708 4118 notulam
733 4061 836 4118 Helori
854 4065 890 4122 ud
909 4068 969 4122 cte.
989 4069 1158 4136 Oratorem,
1191 4071 1242 4125 nlri
1258 4071 1333 4130 rlrctt

359 4175 425 4212 cunr
444 4156 586 4231 quoddam
604 4154 773 4226 llicrouyrni
790 4165 966 4230 proceptunr
985 4167 1232 4218 commemoretur-l

313 4251 341 4315 ¹)
359 4248 510 4306 Ascrilrrur
527 4265 617 4304 nunu
635 4263 669 4301 cx
687 4246 745 4304 ulio
764 4263 852 4319 opero
869 4251 1035 4323 excorplurn.
1088 4253 1173 4310 Tunc.
1192 4255 1236 4320 ll,
1272 4255 1333 4308 tut

357 4338 487 4411 ponitur:
527 4344 610 4412 Quod
634 4359 700 4413 erpo
738 4348 765 4396 el
790 4343 955 4410 potnrlotnr
987 4365 1006 4396 o
1029 4345 1154 4415 fortibus
1181 4357 1208 4403 ct
1234 4349 1333 4404 dandal
