2720 4878
207 287 213 295 ’
302 293 360 362 ΕΤ
383 295 492 364 MAL.
515 295 600 364 LlB.
623 297 656 362 ll
678 297 775 364 CAP.
798 302 848 364 12
1058 304 1122 367 2⁰⁰

139 493 184 555 ue
214 459 301 558 'Nem
325 493 410 580 qnod
432 496 498 572 nit,
539 491 691 558 rensibus
713 495 794 580 ipsis
813 493 950 559 iudieuri
973 495 1143 585 pelopen.

66 725 176 782 eontentio
192 727 267 782 eeliei
284 737 415 801 nequent,
434 729 601 784 redientem
620 728 738 794 ostendi,
758 728 823 801 quid
842 730 966 787 noluerit
982 733 1076 788 dicere
1095 741 1123 790 et

67 817 154 887 inquid
169 819 299 876 iueideril.
337 822 406 877 llolt
429 821 584 894 Epicurum
603 822 769 876 dilemmate
794 837 933 894 premere.
967 825 1069 898 Incipit
1086 827 1122 882 ub

67 911 192 982 noluptetie
207 913 319 968 notione
337 921 481 984 umquem
501 915 648 984 embignn,
666 913 746 984 qumi
766 914 1023 985 denuntiaturus,
1037 937 1124 992 quem

66 1003 174 1071 llplrnrur
190 1005 261 1060 beno
278 1005 400 1076 primum
418 1006 574 1076 pornloeet,
613 1011 697 1078 prout
715 1021 779 1060 eum
796 1005 981 1078 explicasset,
1018 1018 1068 1066 unt
1087 1013 1123 1068 ed

67 1095 172 1168 drietippi
195 1105 242 1153 ent
259 1099 296 1152 ed
325 1095 495 1169 Hieronymi
519 1115 661 1152 nummum
680 1098 788 1154 bonnm
809 1101 959 1172 peruenire
984 1102 1123 1159 debnieee.

66 1193 140 1257 linque
157 1189 237 1260 priori
258 1208 273 1244 e
292 1191 418 1255 duobue,
457 1208 517 1263 qne
538 1189 603 1244 lierl
620 1198 747 1264 poeeeut,
783 1193 857 1262 quod
873 1193 929 1248 boe
946 1198 1006 1249 eei:
1024 1194 1051 1248 oi
1065 1183 1138 1250 erroro¹

67 1279 189 1349 (dixisset),
208 1301 288 1358 quern
307 1282 485 1350 Aristippus,
525 1284 596 1338 idem
615 1291 707 1338 tenere
728 1283 821 1338 debuit
836 1286 987 1352 ultumum,
1006 1303 1123 1359 reoper-

66 1371 115 1425 lrre
132 1376 241 1428 elterum
259 1374 425 1429 buiuemodi
443 1374 554 1430 debuit:
574 1376 617 1429 rin
637 1393 712 1442 eom,
730 1394 811 1452 quern
832 1377 1022 1446 Hieronymo,
1041 1380 1122 1442 idem

66 1465 117 1536 quod
131 1465 185 1528 tic,
217 1468 352 1521 ultumum
368 1476 471 1525 reem.
513 1468 568 1522 Sed
586 1486 672 1539 quern
691 1469 727 1522 ed
751 1471 872 1524 ultorem
891 1476 1004 1541 portem
1020 1488 1124 1542 perne-

66 1557 143 1620 niunt,
160 1559 376 1622 enimednertii,
412 1558 453 1614 eie
472 1576 527 1614 non
555 1560 635 1614 eoliei
653 1559 862 1616 conclusionem
881 1567 911 1615 et
927 1563 1124 1634 reprehensio-

67 1663 119 1702 nem.
141 1651 308 1723 Responderi
325 1651 400 1704 euim
418 1658 545 1722 puteretr
585 1653 656 1708 Eum
673 1652 746 1720 dixi,
783 1671 868 1725 quum
888 1654 1082 1728 Hieronymus
1096 1663 1125 1711 et

67 1739 111 1793 ileo
125 1743 187 1798 ilem
214 1761 358 1799 nummum
383 1743 488 1798 bonum
518 1761 599 1814 peno.
659 1745 809 1816 Urgendue
834 1743 923 1818 igitur
948 1749 1008 1803 ulie
1030 1749 1125 1805 forme

68 1839 112 1886 erat
125 1837 301 1902 ndeerenriuo,
321 1835 535 1908 dicendumque,
553 1837 576 1890 ei
595 1837 650 1892 bue
667 1855 809 1904 eummprn
828 1839 934 1894 bonnm
954 1845 1052 1894 tenere
1071 1857 1124 1894 no·

67 1923 151 1992 lninet,
178 1930 261 1984 lolem
281 1927 371 1984 elium
392 1931 568 2000 uoluptatem
589 1935 656 1996 (non
675 1930 803 1998 dolendi)
822 1929 851 1983 in
870 1929 963 2000 primu
981 1949 1125 1986 cemmen-

68 2015 150 2071 ieliore
166 2023 323 2091 ponendum
339 2021 444 2087 iniere3
462 2021 583 2092 porilem
606 2038 665 2074 erse
683 2029 778 2076 untem
796 2023 936 2089 niteram,
953 2029 1125 2087 mouentem,

67 2125 118 2174 quoe
133 2129 190 2168 uere
213 2117 349 2186 uoluptee
378 2115 574 2185 appellaretur
604 2115 633 2182 (t
660 2111 715 2168 821.
769 2114 931 2168 Premende
953 2112 1042 2184 igitur
1064 2122 1126 2168 erut

66 2200 164 2265 eperielir
179 2205 249 2260 notio
267 2203 446 2278 eompletis,
470 2224 525 2260 non
543 2205 680 2277 ambigue
697 2205 749 2260 ille
768 2207 914 2261 utendum.
950 2205 1007 2261 Sed
1026 2205 1124 2261 Cicero

67 2295 159 2358 pretorio
176 2297 288 2354 retinnit
317 2317 350 2353 ex
371 2308 436 2354 unte
462 2297 591 2360 inetitute
613 2297 786 2353 dilemmetin
805 2299 916 2361 l'ormu,
936 2296 1071 2369 epodorin
1090 2300 1126 2352 ed

68 2381 121 2437 lene
134 2405 223 2445 nouem
243 2390 484 2447 adcommodeuit
522 2390 622 2461 ltaque
641 2389 740 2445 incidit
758 2391 788 2446 in
807 2388 1011 2447 ineninnmum
1031 2398 1126 2448 teuto-

67 2475 158 2545 loginnr
174 2483 198 2535 oi
210 2501 268 2538 eom
289 2483 335 2551 (io
351 2484 443 2552 primu
462 2485 692 2538 commendatione
700 2485 872 2554 *rreluptetene
891 2485 1029 2552 diriorem
1044 2503 1125 2560 φιαπι

70 2565 219 2641 millesono,
235 2575 359 2643 feee'eeel
377 2575 420 2643 (id
440 2581 491 2640 eet,
509 2575 605 2629 iuuere
624 2573 747 2646 debuit),
764 2583 796 2630 nt
814 2577 983 2647 treluptulern
1000 2577 1078 2631 illurn
1096 2579 1125 2630 in

64 2661 129 2726 ltine
142 2662 367 2724 commendatione
386 2672 509 2736 poneret.
555 2667 676 2722 Feoiooet
703 2675 746 2725 ert
764 2688 797 2725 ex
826 2688 859 2724 eu
885 2687 991 2743 genere
1009 2669 1126 2726 coniun-

66 2753 186 2826 ttieerenr,
222 2761 300 2833 qnod
320 2766 384 2831 poet
402 2759 595 2814 condicionem
614 2761 688 2828 (niue
706 2778 740 2816 ee
760 2763 854 2818 nerbir
875 2779 1006 2836 expreoeu
1022 2767 1048 2816 et
1065 2761 1126 2816 eine

64 2841 238 2923 intellegitur)
268 2852 389 2925 ponitur
408 2853 442 2906 ed
462 2851 680 2924 rigniiloendum
708 2871 763 2908 uon
789 2854 834 2921 id,
872 2857 945 2924 quod
969 2853 1054 2908 lieret
1082 2855 1126 2908 ln-

67 2941 151 2995 ttnnne
166 2953 250 3014 met,
268 2947 322 3003 ned
340 2946 414 3018 quod
432 2947 496 2999 lieri
515 2945 654 3001 debuerit.
689 2945 798 3016 ddligit
816 2963 876 3000 rem
896 2963 914 3001 n
932 2945 1127 3018 grammaticis

66 3025 109 3084 itte
121 3037 267 3109 neglectum
286 3037 438 3112 anpliue
457 3040 471 3108 ᾗ
488 3037 541 3093 529
562 3043 618 3094 net.
656 3038 795 3109 Exempla
817 3040 914 3107 (neme
939 3039 1014 3092 enim
1033 3037 1127 3092 edbnc

66 3119 102 3174 riri
116 3143 189 3186 unum
206 3135 235 3188 et
256 3135 384 3188 alterum
403 3129 506 3202 poenit)
533 3137 598 3185 eunt
625 3129 652 3184 in
677 3133 761 3184 Uerr.
788 3131 906 3201 15107
925 3130 1067 3194 (Imitetur
1084 3147 1126 3182 ee-

65 3215 111 3281 m),
127 3221 154 3286 V,
170 3223 219 3280 lus
235 3225 441 3294 (Adrernorree
458 3223 615 3288 bominem),
635 3225 671 3277 de
686 3223 720 3278 N.
741 3223 774 3276 u.
792 3223 815 3288 l,
836 3221 872 3277 89
890 3223 1064 3292 (rumpeiuee
1081 3229 1128 3277 tue

66 3303 124 3374 ire),
139 3314 216 3377 orne.
233 3320 295 3386 111,
314 3317 351 3373 ee
369 3317 486 3385 (Porrus
505 3317 644 3384 arceret),-
678 3315 744 3369 eru.
762 3315 857 3381 xnv,
893 3315 928 3370 ur
946 3317 1013 3382 (non
1032 3316 1128 3370 irrem-

62 3395 123 3461 ΡΜ
139 3405 263 3479 inpedire
286 3411 398 3473 debuit,
422 3439 453 3452 -
473 3410 522 3463 red
545 3415 657 3479 porteto
680 3409 725 3461 die
745 3435 774 3448 «-
795 3425 890 3461 nemen
910 3409 1032 3474 deferret
1051 3407 1127 3474 dre),

63 3487 160 3562 liner
177 3503 231 3568 nv,
256 3505 292 3570 ⁷,
318 3503 355 3559 ee
374 3510 403 3556 er
421 3501 456 3556 eu
475 3505 521 3570 (ar
537 3501 698 3570 ruerem),
737 3501 854 3555 Terent.
875 3503 960 3556 onor.
977 3503 1025 3567 iv,
1045 3503 1077 3566 r,
1095 3500 1129 3555 nr

63 3583 237 3665 terdena),
256 3599 367 3668 Heeyr.
387 3603 424 3662 ll,
443 3596 470 3662 l,
489 3593 524 3649 88
542 3595 693 3663 (orirerur).
732 3592 914 3652 luerinooeot
931 3595 1047 3658 modun
1075 3594 1129 3647 lte-

64 3692 101 3741 l¹⁸
116 3681 139 3736 ir
155 3691 285 3758 degendo
308 3687 482 3753 diciturne,
510 3693 542 3741 nt
561 3687 596 3741 ed
615 3686 673 3741 dtt.
693 3692 729 3752 ll,
749 3685 765 3739 1
787 3688 917 3756 §iterat
935 3704 969 3740 ne
986 3685 1130 3755 pepercis-

66 3769 158 3836 'iii2iu
176 3781 256 3838 llere.
283 3781 337 3847 lll,
356 3777 411 3834 tut
429 3782 475 3846 (ne
493 3780 627 3846 emieoee).
687 3777 741 3832 Sed
761 3785 851 3834 reetet
869 3779 916 3846 id,
953 3779 981 3832 in
1003 3795 1057 3848 qno
1075 3795 1131 3832 unt»

62 3855 173 3924 leserunt
189 3873 323 3944 editum,
342 3890 427 3943 quum
446 3872 487 3927 nic
504 3873 695 3926 rcriberetnrz
734 3877 766 3924 nt
783 3872 953 3940 uolrtptntem
971 3869 1049 3922 illum
1068 3869 1131 3921 Ari-

62 3953 127 4024 rte'ppi
141 3959 191 4018 dre.
245 3968 385 4038 Apertum
404 3971 431 4020 rt
450 3965 544 4031 enirn,
580 3982 635 4019 non
664 3962 691 4016 id
712 3964 858 4034 postulare
881 3961 1065 4024 Ciceronem,
1101 3968 1133 4016 ut

61 4041 202 4124 Hieronymi
220 4059 364 4114 eontentio
382 4077 446 4114 cum
465 4055 600 4130 Aristippi
627 4055 771 4112 contrarie
790 4052 997 4122 coniungetur,
1034 4051 1134 4106 redut

63 4131 82 4188 it
98 4140 252 4220 Hieronymi
274 4151 451 4221 perrietntur.
506 4157 607 4223 ltaque
625 4169 641 4204 e
659 4149 720 4203 ced.
740 4147 785 4200 ΕΙ.
804 4144 822 4198 2
840 4142 946 4211 (fuitne
965 4143 1058 4214 potine
1077 4143 1134 4214 lt)

64 4227 170 4292 lonium
189 4247 217 4296 et
234 4243 417 4306 recentiora,
437 4251 555 4314 excepto
573 4240 743 4302 Srlrneteie,
785 4237 928 4292 scribunt:
965 4237 1135 4305 uoluptatem

61 4319 135 4389 ilion,
153 4349 202 4384 noe
223 4337 380 4406 Aristippi,
410 4337 463 4392 dtr.
500 4336 572 4392 illibi
593 4336 683 4388 nrulte
703 4329 880 4402 probabilius
899 4327 990 4384 nisum
1007 4339 1050 4392 et,
1073 4331 1137 4382 Ari-

899 4439 932 4491 lt
