2788 4886
272 259 322 328 Vl
692 253 950 326 PllAEl'tl'l'lO.

273 445 367 510 detur
394 453 452 508 eut
482 443 645 527 scripture
681 462 727 508 ex
756 441 822 508 elio
852 441 1015 508 deteriore
1040 440 1165 508 -codice
1199 442 1328 508 uduotr

274 563 311 617 ut
332 549 368 630 Ι,
389 552 411 615 'l
433 553 511 628 (sos
547 548 665 634 male),
695 547 747 626 11,
791 551 834 612 ott
866 545 1063 634 s’Sculigeri
1095 562 1192 614 uetus
1227 548 1328 614 habe

274 663 396 724 testata
419 655 504 720 νῶθ’
524 675 598 722 curn
620 653 673 720 El.
694 657 745 739 1),
769 652 838 734 lll,
880 655 923 717 42
945 659 1093 733 (ratione
1115 675 1256 736 eorum,
1300 679 1328 743 q,

275 762 362 830 lllud
385 764 524 840 snitum,
570 762 656 848 quod
676 763 718 826 ed
742 773 892 848 quartum
914 758 1034 826 librum
1057 761 1167 827 subito
1195 762 1274 828 haec
1313 785 1328 828 u

276 873 421 938 ciuntur:
437 869 619 955 ’‘quomodo
639 869 757 952 (etius
773 865 981 952 replicando
997 849 1153 952 rritr'cnir)
1177 871 1288 934 etiarn
1312 869 1324 934 l

276 977 333 1043 dut
344 999 391 1041 ex
404 972 529 1052 Cuieci,
553 987 644 1061 puto,
657 975 855 1042 membranis
871 972 1055 1060 Scaliger,”
1066 977 1122 1061 (ed
1142 974 1206 1053 IV,
1231 999 1262 1040 c.
1277 979 1314 1053 7,

277 1084 409 1151 ethoec:
430 1082 572 1167 ”Aptius
593 1081 726 1164 libellis,
748 1083 867 1169 quode
884 1078 1122 1148 Cuiacicodice
1144 1081 1328 1147 adnotetur

277 1189 449 1277 scaligero
472 1187 532 1252 illo
556 1189 689 1252 nostro”
714 1189 768 1273 (ed
788 1187 837 1254 lv
863 1210 891 1253 c.
912 1191 954 1266 9,
975 1189 1043 1270 st).
1089 1186 1236 1254 Dubites
1263 1191 1328 1276 igit

278 1299 408 1362 idemne
425 1296 479 1362 hic
492 1297 547 1375 sit,
559 1307 657 1381 etque
673 1295 714 1374 is,
736 1295 792 1380 qui
812 1295 930 1360 ceteris
952 1292 1035 1364 locis
1055 1293 1223 1380 scaligeri
1245 1296 1328 1360 dicit

278 1415 312 1470 et
329 1404 416 1468 unde
438 1401 472 1466 id
495 1403 536 1466 de
552 1400 687 1466 Cuiecio
711 1398 854 1467 Grutero
875 1401 1068 1468 innotuerit.
1120 1399 1267 1482 (Moreli
1291 1424 1328 1466 cu

278 1532 348 1578 oenr
369 1508 530 1574 Gruterus
554 1506 759 1593 scaligerum
783 1528 925 1594 sequens
947 1519 996 1572 ter
1017 1509 1176 1574 nominet.
1227 1506 1303 1574 'l'er
1327 1551 1328 1556 κ

279 1617 384 1682 dicem
410 1613 557 1694 Tnsnui,
604 1635 700 1701 quem
730 1612 918 1678 Gulielmus
950 1615 1164 1698 inspexerat,
1208 1614 1328 1701 appell

279 1742 474 1810 quemquem
498 1719 626 1786 duobus
647 1720 730 1785 locis
751 1722 872 1785 uitiose
899 1718 1049 1784 Turones
1070 1717 1179 1784 codex
1202 1717 1328 1785 scribis

280 1841 351 1911 erat
373 1827 460 1892 enirn
479 1825 547 1892 lec.
570 1825 727 1892 'l'usanus
748 1825 872 1894 Groecrc
899 1826 1023 1914 linguoe
1039 1825 1208 1909 professor
1229 1827 1267 1890 in
1290 1826 1328 1891 Ar

278 1934 388 2000 demis
410 1934 590 1999 Perisicnsi
608 1932 721 2001 seculo
739 1932 852 2019 XVI.)
884 1932 1019 2000 Gruteri
1041 1933 1187 1999 editione
1210 1935 1328 2021 ipsu,n

280 2039 494 2109 Grononieuo
517 2039 673 2128 exemplo
696 2061 774 2106 usus
798 2061 884 2106 snrn.

369 2147 411 2212 E.
451 2145 608 2228 (Codices
633 2145 898 2231 Grosouicrusr.)
944 2145 1010 2212 luc.
1032 2143 1242 2226 Gronouius,
1277 2169 1328 2234 qu<

281 2253 415 2320 Gruteri
437 2252 574 2318 editioni
597 2253 783 2339 repetendae
803 2266 960 2340 proeesset
984 2253 1028 2333 (e.
1059 2254 1175 2337 lm),
1221 2275 1328 2319 usus«

281 2359 410 2426 dnobus
433 2358 617 2439 codicibus,
660 2357 765 2424 altero
789 2356 893 2444 petris
914 2356 963 2422 Io.
983 2358 1168 2438 Frederici,
1198 2381 1296 2446 quern
1322 2359 1328 2424 l

282 2487 328 2532 ex
351 2463 462 2551 ulique
492 2477 583 2551 purte
615 2462 797 2530 contulerat
824 2485 899 2529 curn
921 2464 1009 2529 edito
1031 2477 1211 2547 contextu,
1255 2468 1328 2556 dein

226 2631 230 2639 .
284 2569 374 2638 filius
394 2573 583 2656 inspexisse
599 2582 786 2637 retentetur
803 2571 859 2655 (ed
880 2571 930 2638 1v
947 2594 974 2638 o.
999 2574 1052 2652 18,
1074 2573 1142 2654 84),
1167 2572 1272 2640 ultero
1294 2597 1328 2642 su

283 2681 342 2744 sed
367 2677 454 2742 tnnc
475 2678 545 2742 lere
565 2689 692 2742 tanturn
720 2678 754 2740 iu
784 2677 911 2742 mendis
944 2677 1188 2766 typographicis
1218 2683 1328 2748 editior

284 2784 490 2850 Gruterianee
528 2781 685 2847 tollendis
726 2782 889 2870 appellen
936 2807 998 2851 nec
1032 2800 1105 2852 eret
1141 2785 1240 2852 ullius
1269 2811 1326 2874 pre

285 2891 370 2978 spud
398 2911 451 2957 rue
481 2887 629 2956 Gronoui
661 2890 769 2956 codex
804 2912 935 2978 seruper
965 2891 1014 2958 lo.
1047 2891 1213 2958 Frederici
1240 2893 1328 2961 intell

286 3001 386 3086 gitur.

374 3103 412 3169 F.
455 3103 475 3183 (
476 3103 611 3168 Codices
635 3099 785 3186 Dentri.)
831 3103 880 3170 lo.
901 3103 1061 3172 Denisius
1092 3107 1136 3189 (s.
1166 3107 1258 3190 1728)
1291 3129 1328 3173 us

286 3221 338 3275 est
356 3221 430 3275 octo
453 3207 639 3290 codicibus,
664 3207 854 3276 Ellensibns
877 3210 1023 3292 duobus,
1045 3209 1257 3293 Balliniensi,
1276 3213 1328 3279 Me

286 3313 661 3396 dieuo,1’nrisiensibns
684 3313 807 3396 tribue,
853 3315 1121 3406 cantabrigiensi
1142 3316 1267 3404 Collegi
1289 3319 1328 3386 Cu

287 3423 377 3510 poris
399 3418 525 3486 Christi
543 3420 596 3506 (C.
617 3419 657 3486 C.
678 3419 782 3508 C.),e
805 3423 924 3511 quibus
945 3426 1143 3491 l‘nrisicnsis
1165 3425 1212 3491 Io.
1233 3427 1328 3494 Wellr

286 3549 344 3595 rus
367 3527 571 3608 coutuleret,
613 3528 671 3593 sed
696 3549 776 3594 usus
798 3543 849 3595 est
882 3529 979 3597 uelde
1009 3530 1222 3618 neglegenter
1243 3547 1274 3598 et
1293 3557 1328 3599 cu

287 3637 406 3722 supine
428 3634 568 3722 quadarn
590 3634 757 3721 superbia.
801 3635 877 3703 Non
898 3640 963 3704 iern
986 3639 1048 3704 boo
1069 3639 1154 3718 dico,
1176 3641 1328 3708 teuturnh

288 3739 359 3806 illic
380 3742 545 3829 inspectos
567 3755 601 3806 et
622 3757 883 3810 connumeratos
908 3765 982 3809 esse
1009 3745 1149 3826 codices,
1171 3745 1224 3810 ubi
1245 3746 1328 3834 uliqu

289 3851 434 3913 animum
457 3850 671 3934 pupugisset,
704 3863 795 3916 tenta
816 3851 1058 3939 inaequalitate,
1088 3865 1124 3918 ut
1146 3875 1221 3918 mox
1242 3863 1328 3931 et,a

290 3975 353 4042 que
376 3953 542 4020 codicibus
574 3954 730 4021 adhibitis
759 3971 943 4044 permutet,
988 3983 1068 4026 rnox
1098 3962 1134 4026 iu
1167 3960 1328 4025 lcedissunr

290 4063 416 4127 nrendir
440 4083 498 4128 eos
521 4082 587 4127 uon
611 4075 721 4138 curet;
752 4065 810 4128 sed
834 4068 972 4152 primum
994 4065 1057 4130 hoc
1077 4087 1176 4153 pono,
1197 4069 1282 4132 etiarn
1303 4065 1328 4132 ul

289 4168 418 4234 codices
437 4170 606 4255 inspexit,
653 4191 740 4258 sepe
764 4183 889 4238 tantum
916 4193 973 4238 eos
996 4175 1161 4259 inspectos
1183 4196 1263 4254 esse,
1279 4195 1328 4262 qut

289 4295 385 4343 ossus
415 4272 600 4345 obtulisset.
669 4278 771 4347 Uelut
808 4281 842 4346 iu
880 4279 917 4360 l,
958 4280 1003 4346 25
1031 4294 1142 4347 narret
1175 4303 1208 4347 ss
1233 4283 1328 4348 ”uocer
