2848 4888
242 312 305 374 848
628 307 865 376 EXCURSUS
888 309 948 375 Vl.

242 506 411 579 quicunque,
430 501 495 573 qnia
512 503 658 560 definitam
676 521 765 576 genas
782 503 983 576 significatur.)
1019 505 1042 556 E
1060 505 1209 560 ciceronis
1230 507 1352 577 quati·

244 609 297 664 itus
315 625 387 664 sanus
405 608 528 664 obicitur
549 609 695 664 Cornelius
713 609 817 681 Nepos,
852 607 947 679 quiin
966 608 1110 680 Pelopida·
1131 629 1158 663 e.
1177 609 1196 662 2
1215 611 1263 663 ais:
1281 611 1353 665 seri-

245 711 333 783 psisse
351 718 484 782 putator:
507 711 547 766 Hi
564 729 655 768 onnes
668 715 732 779 sere
749 714 861 783 (exates
870 711 1017 780 Thebani)
1027 714 1151 766 Athenas
1171 731 1202 766 se
1219 715 1351 768 contete-

243 823 316 882 rant,
334 833 389 870 non
406 833 457 891 quo
470 817 554 870 otiuns
570 825 756 892 sequerentur,
775 820 824 871 sed
843 826 884 880 at,
903 835 1077 892 quemqueen
1094 835 1238 887 praeraso
1260 819 1350 872 iser·

239 922 304 987 ¹(ors
330 921 491 987 obtseiisset,
528 939 559 974 eo
578 923 699 990 patrinos
725 939 890 990 recuperare
907 923 1069 977 niterentur.
1131 922 1288 990 Quoniam
1315 925 1347 976 rie

243 1023 301 1080 aiio
324 1027 405 1088 loeo,
444 1042 528 1096 qoem
555 1033 655 1096 proter
675 1027 800 1080 Athenas
827 1026 1056 1097 expectauerint‚
1093 1023 1215 1095 eogitari
1238 1028 1348 1097 nequit.

243 1147 326 1202 quoru
338 1128 464 1184 Athenas
482 1127 782 1200 ipsasesnieepsapter
801 1127 975 1184 nioinitstern
996 1129 1117 1200 etegisee
1136 1139 1165 1184 et
1175 1129 1246 1183 inne
1268 1133 1346 1186 The·

243 1237 293 1290 itas
303 1231 424 1306 proiecti
437 1251 496 1287 esse
513 1235 673 1298 tradantur,
689 1233 927 1304 interpretantem
947 1251 1134 1309 quouscunque
1152 1236 1345 1296 oeeosiaeensr

243 1355 354 1402 aereae,
373 1345 405 1391 at
421 1337 488 1390 eatis
498 1337 614 1402 Latioer
634 1353 699 1390 narn
718 1345 749 1391 ut
766 1335 1102 1392 eeotedicituriooussres'
1119 1340 1259 1408 gerendae
1267 1341 1343 1401 due.

242 1443 359 1505 inam,
377 1439 506 1494 abiatiao
524 1447 618 1494 taenea
638 1457 705 1496 enen
725 1441 997 1512 eooiroprooomioe
1015 1439 1043 1496 iu
1064 1459 1166 1496 nornen
1186 1442 1240 1496 itia
1261 1447 1342 1498 arado

242 1548 294 1617 (ea
312 1546 394 1599 loca
408 1545 532 1614 patrias·
552 1545 884 1616 reeuperase)dioiposse
901 1563 955 1600 oon
976 1545 1098 1599 uidetur.
1143 1549 1250 1618 ltaque
1271 1565 1340 1602 senas
1372 1614 1378 1626 ι

242 1652 368 1706 Athenas
385 1645 539 1720 significari
559 1657 638 1719 puto,
657 1657 686 1704 et
703 1649 744 1706 sie
761 1667 779 1706 a
798 1650 931 1705 Cornelio
949 1649 1085 1719 seriptum
1101 1667 1182 1702 essee
1202 1659 1243 1716 at,
1265 1669 1342 1721 pares

244 1773 277 1812 es
292 1772 426 1825 prosario
445 1754 534 1808 ioessns
547 1755 612 1820 sors
631 1754 785 1816 obtulisset,
804 1773 835 1808 eo
858 1753 931 1818 Oen,
957 1753 1013 1808 hoo
1031 1760 1082 1818 est,
1100 1759 1133 1808 at
1153 1754 1184 1808 in
1204 1757 1279 1809 ntiae
1298 1757 1338 1810 ai·

243 1859 316 1924 eins,
336 1875 420 1930 qaam
434 1859 580 1913 commode
590 1859 706 1914 fortuna
716 1858 875 1920 obtulisset,
896 1857 1014 1914 coasilia
1025 1859 1122 1929 patria
1136 1863 1336 1930 recapessat:

242 1961 395 2036 agitarent.
428 1961 526 2016 Liuiae
542 1963 586 2016 isis
605 1961 656 2018 ilio
675 1963 900 2034 praeseminaria
919 1979 986 2016 nsns
1006 1961 1151 2029 creditor,
1169 1963 1297 2032 prinam
1318 1966 1337 2028 Ι,

244 2067 294 2122 nt=
314 2069 422 2122 Foedus
439 2068 523 2122 istaes
543 2068 615 2121 inter
639 2067 778 2120 Romanos
803 2074 831 2121 et
860 2067 981 2120 Albanos
1007 2071 1049 2120 est
1074 2067 1118 2119 iis
1137 2069 1266 2136 iegibus,
1298 2077 1336 2131 at,

243 2173 375 2248 caiusque
400 2171 500 2240 popuii
517 2171 592 2225 eines
611 2189 642 2225 eo
666 2171 813 2226 certamine
836 2171 985 2232 uicissent,
1023 2171 1048 2222 is
1075 2171 1161 2224 aiteri
1178 2171 1286 2240 pepaio
1302 2201 1334 2212 -

244 2277 419 2346 imperitaret.
453 2273 637 2330 Manifestum
655 2281 692 2340 st,
704 2275 752 2329 nbi
766 2278 907 2330 certamen
928 2275 1049 2328 tuorum
1068 2275 1241 2345 populosam
1260 2283 1336 2328 terta

244 2383 274 2435 et
292 2385 430 2452 perpetua
453 2378 575 2433 foederis
588 2381 653 2450 lege
671 2379 832 2446 dirimatur,
850 2381 961 2434 nuliam
979 2381 1074 2434 locam
1094 2395 1155 2432 esso
1173 2379 1332 2449 pronomini

244 2483 411 2548 indefiniter
429 2497 494 2536 nasa
513 2483 562 2554 qui
580 2483 621 2537 sio
642 2483 725 2538 elicitr
746 2490 793 2548 ot,
822 2483 1006 2559 cuiuscunque
1020 2483 1121 2552 popuii
1139 2482 1220 2548 erc..
1244 2483 1332 2538 inu

244 2587 319 2640 inter
338 2585 428 2656 piaris
446 2587 566 2657 populos
588 2594 638 2640 nat
656 2585 755 2659 sepina
774 2588 814 2643 ita
832 2595 971 2644 certatam
991 2587 1026 2641 iri
1045 2587 1177 2654 nisit,ut,
1195 2587 1255 2642 sine
1275 2589 1331 2641 alin
1418 2563 1419 2596 ἒ

241 2693 320 2743 oerta
333 2685 514 2760 possessione,
533 2687 602 2755 eius,
621 2690 779 2764 qniounqac
793 2692 905 2756 uicerit,
925 2691 1066 2762 inperium
1079 2692 1211 2746 tatara-
1230 2691 1264 2746 sit
1283 2709 1327 2746 ne-

243 2807 298 2863 qae
315 2792 378 2846 olla
396 2790 470 2846 alius
488 2792 530 2848 rei
559 2791 632 2848 ratio
657 2797 810 2852 habentur.
872 2795 971 2866 itaque
994 2812 1110 2866 prorsus
1140 2814 1199 2850 noo
1227 2795 1326 2857 dubito,

242 2894 309 2967 quin
330 2895 359 2950 in
378 2911 412 2950 eo
432 2897 545 2964 codiee,
566 2915 581 2951 e
599 2915 654 2968 qrro
674 2900 764 2954 nostri
785 2899 839 2953 orti
861 2907 944 2965 sunt,
965 2917 1019 2954 non
1040 2907 1116 2954 reete
1134 2901 1265 2976 cuiusque
1281 2917 1324 2969 prs

243 3002 321 3054 caius
340 3000 475 3071 scripturn
497 3001 590 3056 iuorit.
643 3003 723 3056 Alter
748 3009 790 3056 eet
809 3005 888 3056 iocus
907 2999 969 3056 Liui
987 3002 1017 3056 in
1036 3002 1112 3056 libro
1132 3003 1221 3058 XXV
1239 3023 1262 3058 n.
1279 3003 1321 3056 29:

246 3103 373 3158 Fansoene
398 3105 476 3158 ceseii
491 3105 572 3167 uelis,
591 3107 770 3180 quantauris
781 3124 799 3158 a
818 3113 845 3160 te
864 3113 947 3176 capta
963 3107 1012 3169 sit,
1029 3125 1112 3180 quarn
1128 3109 1251 3176 posteris
1268 3126 1326 3182 pas·

242 3225 294 3282 que
313 3224 373 3261 eam
393 3210 552 3276 spectaculo
570 3227 646 3274 esse,
685 3229 736 3287 pua
755 3212 867 3286 quisque
884 3217 969 3276 terra,
990 3211 1104 3284 quisque
1121 3212 1196 3263 nsari
1221 3213 1324 3266 emerit.

240 3327 314 3364 nane
330 3318 426 3364 nostra
444 3313 479 3366 eie
489 3313 697 3368 Atheniensibus
711 3315 1034 3389 Carthaginiensibusque
1052 3321 1171 3383 tropaea,
1192 3335 1264 3368 nurse
1283 3323 1325 3368 tro

242 3413 276 3468 de
294 3414 371 3466 nabis
385 3417 537 3470 ostendat?
558 3417 629 3482 Non,
648 3418 697 3490 qni
709 3419 853 3481 adtroniat,
866 3417 1191 3488 ostenderetropseneibi
1211 3421 1326 3474 nonium
1415 3479 1416 3492 ἵ

242 3522 328 3582 noto,
363 3517 411 3570 sod
431 3519 531 3572 urbem
551 3517 674 3575 uenienti
694 3539 726 3574 on
745 3524 909 3587 ostendere,
940 3521 1091 3576 creuerius
1110 3523 1203 3590 uidit3
1240 3523 1327 3594 itaque

241 3623 329 3676 uerba
348 3621 498 3676 admodum
517 3623 586 3675 duro
611 3625 807 3697 coniungenda
822 3635 904 3680 eunte
923 3631 974 3690 ut,
993 3627 1145 3701 quicunqne
1163 3645 1196 3680 en
1218 3627 1325 3686 rmore,

243 3729 340 3794 (urbs)
350 3727 487 3782 ostendat.
512 3725 585 3782 Mihi
606 3736 635 3782 ot
653 3731 712 3784 irae
729 3731 835 3785 duritia
859 3730 984 3784 minusne
1002 3729 1124 3785 Liuiana
1144 3737 1173 3784 et
1186 3728 1240 3785 iiia
1258 3731 1327 3784 iesa-

242 3831 331 3885 lentin
355 3832 463 3902 pridem
491 3839 646 3904 persuasit,
685 3840 716 3887 at
733 3834 773 3886 sie
792 3834 904 3887 Liuium
922 3831 1066 3904 scripsisio
1085 3841 1239 3903 patarenis
1263 3852 1327 3910 par,

243 3937 404 4006 utquisque
425 3943 517 4002 terra,
553 3939 666 4014 quisque
686 3937 758 3990 mori
782 3939 904 4004 uenerit,
939 3955 1010 3990 nunc
1037 3936 1089 3991 &n
1126 3938 1229 3992 Uideri
1248 3937 1326 3991 aiirai

241 4040 329 4110 possit
360 4044 434 4113 apud
455 4039 565 4096 Liuium
590 4059 745 4112 pronomen
770 4043 884 4118 quisque
909 4060 960 4112 pro
987 4041 1156 4113 pronomine
1183 4043 1328 4110 quieaspse
1413 4065 1414 4078 o

242 4143 363 4211 positum
391 4147 504 4200 defendi
531 4163 582 4199 unu
614 4147 732 4201 adtrerbi
760 4147 921 4215 quandoque
954 4163 1005 4217 pso
1037 4147 1257 4220 quondamque
1280 4165 1326 4216 po·

242 4243 307 4308 siti,
345 4247 392 4318 qui
418 4252 493 4319 apud
524 4249 687 4304 Ciooronom
714 4251 835 4304 nondum
865 4247 1014 4322 ropetitur.
1068 4250 1124 4304 Sed
1159 4249 1275 4305 toliitas
1299 4265 1330 4301 es

241 4348 368 4402 deterreio
403 4361 430 4404 ot
468 4355 558 4408 maius
586 4357 732 4410 eotrtrarie
769 4354 911 4408 sententia·
950 4355 1057 4422 pondus
1089 4353 1221 4421 adsedit,
1256 4353 1328 4424 qnod
