2788 4886
281 267 397 336 LXVI
718 262 974 337 tumulato.

284 463 401 530 Cicero
428 464 478 528 aio
508 473 693 528 uerteretur
724 461 758 524 ia
786 460 886 526 rebus
916 457 1169 548 notioribusque
1201 481 1265 526 oon
1306 485 1337 530 so

284 591 414 658 semper
437 567 525 636 claro
545 570 719 656 perceptio,
735 566 972 653 adcederctquo
991 569 1090 632 etiam
1113 566 1298 634 difficultas
1331 567 1337 632 l

284 678 346 742 tini
366 677 528 742 sermonis
555 697 620 740 ooo
643 671 741 739 lecile
772 694 877 738 nouae
898 695 953 738 rea
986 676 1176 762 recipientis
1206 688 1240 738 et
1267 698 1337 761 per

286 784 436 870 quentis,
480 802 577 869 quom
601 801 737 846 neooeee
758 795 790 845 at
812 801 876 846 uon
900 803 975 846 roro
997 793 1139 846 montem
1161 781 1325 846 nonnihil

285 893 429 975 ipserum
467 909 576 954 rerum
606 889 806 974 cogitatione
837 900 870 954 ot
899 886 1176 972 contemplatione
1207 909 1337 952 auocat

285 995 404 1060 iactum
431 1008 473 1074 at,
495 1007 531 1058 ut
554 993 717 1058 interdum
748 997 848 1061 etiam
872 997 905 1060 io
937 996 999 1072 iia,
1041 1013 1112 1080 quae
1142 991 1284 1058 obscuro
1325 1015 1337 1058 ι

286 1113 397 1170 cesant
418 1123 457 1166 oe
478 1121 520 1166 oa
549 1124 569 1164 a
591 1099 715 1166 Graecia
735 1102 866 1189 quidem
898 1111 1048 1186 compte,
1094 1101 1154 1164 aed
1182 1098 1225 1165 ab
1247 1103 1337 1186 ipso

287 1209 491 1294 argumentis
519 1206 752 1274 concludendie
789 1210 959 1286 instituta,
1005 1204 1175 1270 aberraret
1208 1204 1337 1292 uerbao

286 1316 392 1402 tregia
414 1335 511 1401 quam
531 1315 725 1382 senteutiam
741 1311 894 1381 coficeret
915 1314 964 1396 (ut
982 1311 1025 1391 11,
1048 1313 1092 1376 85
1114 1325 1147 1376 et
1169 1313 1224 1390 oo,
1244 1311 1293 1391 V,
1321 1315 1337 1378 b

285 1420 401 1508 Neque
423 1419 486 1486 hoe
507 1423 541 1484 lo
560 1419 612 1484 his
632 1419 713 1485 solie
734 1417 830 1484 libris
843 1417 996 1484 Ciceroni
1015 1419 1152 1495 accidit,
1173 1419 1231 1482 aed
1254 1419 1289 1479 in
1319 1439 1337 1480 o

286 1527 382 1592 nibus
406 1529 466 1606 iia,
514 1547 595 1611 quoe
617 1527 657 1590 de
677 1525 779 1590 simili
805 1529 941 1592 materia
964 1525 1078 1590 eodem
1101 1538 1284 1609 temporum
1316 1547 1337 1608 a

284 1635 394 1718 miquo
416 1629 530 1696 habitu
551 1633 694 1717 scripsit.
736 1631 838 1700 Uelut
860 1634 913 1715 (ue
933 1635 1005 1696 aine
1026 1627 1182 1716 exemplo
1205 1651 1276 1692 rem
1304 1651 1337 1704 m

286 1736 368 1802 nibil
390 1738 523 1803 inuidiae
547 1736 732 1804 habituram
752 1737 1011 1825 praetermittam)
1033 1733 1243 1814 Academll,
1265 1740 1337 1800 991

285 1841 448 1928 loquiturt
493 1841 569 1910 Duo
604 1845 719 1929 placet
755 1866 825 1910 cere
862 1843 1030 1910 Carneadi
1056 1863 1184 1928 genero
1214 1847 1337 1906 uicorm

284 1956 321 2016 io
343 1969 407 2014 uro
429 1947 515 2014 boec
536 1950 752 2016 diuisionem:
782 1953 853 2018 clio
874 1956 948 2012 uiro
969 1970 1050 2026 erce,
1072 1969 1142 2032 quc
1157 1952 1294 2031 percipi
1307 1969 1337 2032 p

284 2063 371 2134 ciet,
396 2056 486 2133 alio,
510 2073 584 2140 qua
607 2059 839 2138 conpescitur
861 2058 898 2118 ia
917 2055 1024 2119 altero
1046 2061 1176 2118 aulem:
1210 2055 1283 2118 ulia
1312 2077 1337 2118 m

285 2184 355 2230 erre
374 2159 582 2248 probabilia,
603 2163 674 2228 olio
698 2181 762 2226 oon
783 2158 982 2244 probabilia.
1028 2157 1121 2226 Nibil
1143 2171 1250 2246 potest
1272 2164 1337 2226 mir

284 2281 373 2334 recte
396 2267 477 2342 dioi;
519 2287 625 2352 neque
653 2269 741 2332 enim
759 2266 825 2332 duo
849 2265 919 2332 beeo
943 2282 1037 2334 eraut
1062 2268 1206 2332 uicorum
1226 2285 1337 2354 reparo

285 2396 428 2462 genera,
463 2393 569 2459 nequa
588 2372 656 2437 alia
680 2387 792 2452 erant,
837 2393 909 2459 quae
939 2376 1065 2461 percipi
1086 2387 1144 2438 out
1165 2395 1230 2438 non
1253 2397 1337 2460 perc

285 2490 438 2566 possent,
461 2475 546 2557 alio,
570 2499 641 2564 qoae
663 2478 849 2565 probabilia
873 2491 1016 2544 autnon
1039 2479 1225 2567 probabilia
1247 2503 1337 2546 esset

286 2583 489 2666 (Carneadea
522 2585 652 2669 quidem
686 2585 813 2652 nullum
846 2607 998 2671 uroquam
1027 2589 1152 2672 percipi
1180 2607 1279 2673 posse
1316 2609 1337 2650 ro

285 2689 432 2768 tuebat);
475 2691 534 2754 aed
556 2689 685 2778 duplex
713 2706 784 2758 erat
815 2693 962 2758 uicorum
991 2691 1240 2758 diuidendorum
1271 2695 1337 2758 rati

285 2799 430 2884 priorem
452 2797 556 2864 Stoici
577 2797 820 2886 sequebantur,
865 2798 931 2863 alio
953 2799 1097 2884 percipi,
1121 2797 1188 2864 alie
1212 2819 1278 2863 uon
1308 2823 1337 2886 p<

286 2905 351 2991 cipi
373 2903 538 2983 dicentes,
583 2903 770 2970 Carneades
791 2905 896 2972 altaro
925 2903 1253 2988 accumulabat,
1301 2927 1337 2994 qr

285 3013 374 3082 niem
397 3010 525 3078 nullum
548 3013 655 3076 uisum
689 3011 955 3098 probabilitatem
987 3012 1294 3100 supergrederetur.

286 3117 423 3205 Topicis
447 3123 465 3198 θ
486 3121 546 3196 07,
588 3129 758 3205 postquam
792 3117 909 3186 Cicero
933 3118 982 3182 ule
1012 3140 1201 3184 muscarum
1230 3119 1337 3194 locor

355 3395 425 3458 §28
442 3409 503 3464 sqq.
525 3392 561 3448 ‹ie
579 3394 689 3460 morbo,
708 3395 902 3467 aegrotatione,
919 3395 1004 3459 uitio,
1034 3395 1196 3450 uitiositate
1214 3395 1337 3450 tradunt

355 3481 380 3534 ei
399 3481 461 3554 ipsa
487 3501 605 3540 excussa
631 3494 662 3541 et
685 3505 750 3542 oum
776 3487 903 3552 Graecia,
940 3505 1003 3560 quae
1031 3487 1135 3542 Sextus
1160 3489 1329 3561 Empiricos

353 3574 498 3646 Diogenen
517 3577 648 3632 Lriirtiue
665 3579 790 3645 habent,
820 3579 933 3635 conlata
952 3580 1079 3646 luerint,
1096 3587 1147 3634 aut
1162 3599 1225 3654 quae
1242 3581 1337 3635 Acade

352 3665 403 3720 lib.
424 3667 437 3719 l
464 3671 482 3733 s
507 3673 542 3722 26
565 3670 602 3724 cle
626 3671 814 3744 qualitatibus
840 3673 980 3728 dicuutur
1002 3691 1067 3728 oum
1094 3675 1176 3744 graui
1204 3674 1337 3730 conlusio

353 3756 409 3814 coia
425 3761 579 3834 ποιοτήτων
594 3771 623 3816 ct
640 3758 692 3824 τῶν
716 3763 810 3822 ποιῶν.
865 3763 942 3818 illud
968 3764 1147 3824 facillumum
1174 3765 1312 3842 expeditu

353 3851 431 3924 quod
448 3852 476 3906 ll
495 3852 530 3907 (le
546 3853 609 3909 Nat.
631 3856 717 3911 licor.
743 3863 779 3911 29
798 3863 887 3911 totam
905 3855 1131 3928 disputationem
1149 3856 1252 3912 Cicero
1271 3858 1337 3912 obst

353 3944 431 3998 rauit
448 3951 478 3998 et
502 3944 616 4000 inanem
643 3948 786 4014 reddidit,
818 3965 904 4022 quom
923 3943 1000 4020 σῶμα
1022 3949 1168 4022 ooloptpir
1194 3951 1268 4022 (uid.
1297 3949 1337 4004 Se

352 4037 489 4110 Empirio.
507 4039 570 4093 edu.
578 4039 712 4094 liuthero.
722 4041 776 4105 tx,
794 4042 859 4110 119)
876 4041 1148 4115 interpretatuccetr
1166 4063 1271 4101 cracem
1290 4049 1337 4096 »rot

353 4151 430 4194 rom,
469 4153 532 4206 qam
547 4153 604 4189 raon
618 4136 753 4189 solitaria
778 4143 851 4188 creet
871 4153 960 4207 recepere
986 4136 1122 4206 sempter,
1159 4138 1212 4192 scd
1236 4155 1297 4192 mem
1315 4155 1337 4186 tu

354 4225 452 4278 boceto
470 4236 557 4300 otqrrc
575 4245 712 4289 ceramo,
733 4243 807 4289 oon,
825 4232 857 4281 ut
878 4224 994 4280 debuit:
1033 4247 1096 4302 quc
1119 4239 1192 4286 earet
1212 4227 1337 4301 epiro-ib

351 4317 483 4383 portibus
501 4319 592 4392 (ipsa)
613 4321 768 4392 coraposito.
