2722 4886
288 312 342 379 ΕΤ
364 311 475 378 MAL.
498 311 582 378 Llli.
606 311 655 378 lll
678 309 775 379 cte.
797 316 848 378 ln.
1045 317 1105 379 tot

56 507 171 572 lendum.
233 508 323 586 XX,
355 509 409 574 65.
432 507 487 572 Ex
508 507 569 573 hac
589 511 766 574 amicorum
800 507 986 574 adfectione
1008 521 1108 574 testa·

54 625 140 678 menta
156 615 512 700 commendationesque
529 616 736 678 morientium
759 625 855 677 natue
869 627 956 676 sunt.
995 613 1108 691 Quod·

53 741 100 802 que
118 739 203 784 nemo
236 722 268 783 in
299 741 425 784 summa
455 719 634 784 solitudine
659 723 761 784 uitam
792 742 892 804 agere
920 719 1021 800 uelit,
1066 743 1107 786 ne

54 845 107 888 cnm
128 822 247 890 infinite
272 827 400 912 quidem
424 825 631 912 uoluptatum
654 823 871 904 abundantia,
892 825 988 890 lacile
1010 826 1107 891 intel-

53 929 163 1015 legitur,
195 953 253 996 nos
275 936 314 998 ud
338 935 601 998 coniunctionem
625 934 980 1019 congregationemque
1004 931 1108 996 horni-

53 1057 108 1099 num
130 1039 216 1101 etad
239 1039 421 1104 naturalem
447 1041 714 1102 communitatem
739 1059 811 1102 csse
845 1052 950 1103 natos.
999 1037 1108 1122 lnpel·

52 1139 125 1206 limae
141 1157 242 1208 ostem
263 1160 391 1226 nutura,
413 1159 449 1208 nt
473 1144 629 1230 prodesse
651 1144 794 1209 uelimus
817 1165 913 1230 quam
935 1143 1108 1230 plurumis,

89 1325 216 1382 ὕιτοωοι)
228 1329 305 1374 cmc
361 1328 621 1386 congregationemque)
636 1336 661 1374 ct
675 1327 927 1387 congregotioncmli
982 1325 1107 1379 hominum)

54 1402 162 1448 enutrirc
187 1404 382 1458 communitatem)
397 1404 643 1450 communicationem
658 1405 677 1450 0

102 1569 158 1639 Csp.
174 1570 242 1634 XX,
259 1570 304 1624 65.
349 1569 392 1622 Er
412 1571 465 1624 icoc
482 1571 634 1624 animorum
651 1572 823 1637 adfectione)
842 1569 949 1642 capitis
968 1568 1034 1624 noui
1053 1568 1107 1623 ini·

55 1658 102 1712 tion
122 1662 287 1717 incommodo
325 1664 388 1716 loro
414 1663 523 1718 iccium
551 1670 586 1718 si.
639 1665 765 1720 Stobeus
789 1665 867 1728 illos*
893 1679 976 1732 quern
1004 1663 1040 1716 od
1071 1661 1108 1716 62

54 1750 129 1816 cilici,
165 1755 225 1810 loeo
244 1776 271 1825 p,
290 1753 359 1820 25⁰,
397 1761 543 1827 postquem
563 1756 598 1808 de
617 1755 772 1824 liberorum
793 1755 912 1809 cecitate
930 1753 1016 1808 disits
1051 1751 1108 1808 uiuri

54 1841 239 1918 'summiseris
254 1844 445 1919 φιλοστοργίας
463 1855 507 1902 sul
534 1842 668 1916 διαθῆται
699 1845 822 1917 τελευτᾷν
847 1846 994 1918 ptiiovree
1018 1841 1106 1902 deuri-

55 1932 129 1991 iicon
142 1947 181 1994 sul
197 1933 252 1994 τιῖιν
268 1939 312 1994 ἔτι
331 1943 549 2010 κυοφορουμένων
563 1942 729 2009 φροντίζειν,
756 1936 911 2008 introduces
928 1933 1104 1996 instruimur

23 2061 27 2069 .
56 2033 85 2078 rel
100 2027 224 2100 κηδεμόνος
239 2038 286 2087 sei
314 2033 370 2089 soie
398 2029 538 2101 quindenis
562 2034 794 2106 παρατιθεμένους
818 2038 863 2085 sei
887 2025 1107 2102 παρακαλοῦντος

58 2111 169 2191 intumqeiv
186 2119 281 2183 nuituis.

106 2211 216 2284 Quodque
232 2234 312 2270 semo
332 2244 367 2256 -
386 2217 469 2284 stelit)
506 2221 570 2272 Hoc
588 2217 612 2273 si
633 2223 710 2272 recte
727 2215 876 2281 scribitur,
913 2214 1107 2270 coniunctium

58 2301 129 2355 nodus
143 2309 216 2362 nerlii
233 2307 461 2364 condicionalem
479 2310 568 2364 hebet
588 2309 825 2382 significationem
847 2305 1057 2368 obscuriorem,
1091 2323 1108 2360 a

59 2393 164 2456 particula
179 2403 247 2474 quod
264 2409 448 2472 separatam,
468 2401 642 2458 huiusmodir
664 2402 774 2456 etiamsi
793 2399 903 2454 inlinitur
921 2397 1006 2454 elicui
1025 2401 1108 2453 detur

59 2485 176 2554 uoluptatis
192 2493 385 2561 abundantiis,
423 2512 506 2549 nemo
525 2500 619 2549 tumen
642 2494 711 2548 uelit
729 2494 782 2548 dre.
837 2493 910 2548 Nom
928 2494 1002 2566 quod
1021 2491 1108 2547 (iuius

59 2583 203 2649 terrentii,
215 2589 290 2658 quod
314 2604 449 2655 proxume
466 2588 624 2657 prooemiis
643 2588 715 2662 quod
734 2588 839 2651 decent,
858 2585 897 2638 ibi
914 2585 1109 2641 coniunctioos

60 2669 216 2732 eodemmodo
235 2679 419 2750 pariturast,
451 2682 537 2750 quoq
560 2679 612 2734 ὅθι
649 2679 775 2748 quonium
793 2707 828 2719 -
847 2679 968 2749 diligent
987 2681 1053 2746 (cir.
1073 2682 1109 2745 V,

58 2753 91 2820 ll,
105 2763 132 2818 lc
145 2767 200 2824 snt.
218 2773 283 2840 ⁴03
325 2787 415 2844 nequo
434 2773 509 2826 enim
528 2771 571 2827 lie
589 2771 732 2826 sententia
751 2789 803 2843 per
819 2789 850 2824 so
869 2779 1030 2842 ponuntur,
1048 2773 1107 2835 sed,

59 2851 188 2914 tattonem
206 2871 270 2918 snte
291 2864 467 2932 intellegitur
478 2871 528 2918 not
540 2867 589 2931 fit,
609 2864 712 2930 uiden,
730 2865 771 2918 sio
789 2862 972 2933 asciscuntur,
990 2871 1021 2919 nt
1029 2865 1109 2935 quusi

60 2951 303 3011 enutriendus
321 2953 421 3020 illius,
455 2958 528 3027 quod
555 2956 686 3030 intellegi
704 2955 803 3012 lierinc
823 2955 943 3010 dicetur·
989 2957 1045 3008 illc
1063 2973 1109 3010 ros

61 3041 106 3088 ΜΕ
122 3043 144 3093 cl
160 3062 284 3104 concesse
304 3049 387 3104 initio
408 3049 541 3121 ponitur,
560 3053 589 3102 ci
605 3067 638 3102 cs
658 3066 692 3104 ca
711 3046 855 3104 conclusio
875 3047 984 3108 oritur,
1010 3057 1119 3117 qncm·'

60 3125 173 3190 sinodum
190 3157 326 3208 proxume
345 3141 421 3206 (θυι
458 3143 690 3215 quoniamque-
709 3142 839 3207 ducitur,
879 3145 953 3191 certe
970 3154 1065 3191 uerum
1083 3143 1110 3190 si

61 3215 97 3269 dt·
124 3223 170 3280 Sed
185 3231 310 3287 minusue
327 3232 514 3303 inprobabilis
533 3232 629 3288 Bromi
648 3233 770 3303 suspicio
789 3237 832 3292 si,
861 3228 1025 3283 Ciceronem
1039 3229 1110 3283 scri·

62 3307 134 3374 l¹l⁸⁸²=
166 3322 298 3400 Quomque
324 3351 356 3364 -
377 3325 455 3378 ueir't.
498 3324 715 3380 Restiincndom
740 3331 767 3380 st
791 3339 869 3397 quoto
892 3337 944 3393 pro
972 3321 1044 3389 quod
1069 3321 1111 3374 lli

61 3399 83 3452 l·
98 3405 123 3460 ll·
137 3409 180 3478 it,
214 3415 258 3470 uni
278 3435 354 3472 nunc
374 3415 481 3471 editur:
518 3419 547 3470 in
565 3419 663 3487 quidus
681 3416 753 3486 quod
777 3431 851 3467 more
870 3414 974 3466 ueteris
994 3413 1108 3468 (ironice

62 3489 185 3567 forcipem
207 3517 275 3563 esset
305 3507 498 3561 BONORUM
526 3510 706 3574 DEORUM,
742 3508 786 3562 uti
810 3524 839 3562 se
873 3525 965 3562 corum
989 3508 1110 3564 donitnts

62 3586 111 3640 uelle
126 3593 228 3654 dicebat.
274 3601 393 3656 Occasio
412 3601 478 3656 dicti
498 3601 693 3674 significetur,
729 3619 784 3656 non
805 3619 871 3674 pars
890 3606 933 3655 cst
955 3600 1014 3654 limo
1032 3598 1109 3654 dieti.

61 3671 106 3729 l¹⁰¹
121 3699 228 3756 tutuno,
262 3696 338 3764 quod
359 3694 503 3748 excideret
520 3693 548 3746 in
567 3693 610 3747 erl.
630 3712 672 3763 pr.
690 3695 730 3760 (ct
747 3711 773 3748 o.
791 3694 891 3759 1480),
926 3691 1110 3746 omittebatur

62 3771 115 3833 llil
127 3775 192 3834 tien
208 3791 234 3838 et
251 3791 361 3839 eeteros
377 3787 518 3858 deinceps,
533 3787 621 3840 donec
632 3787 703 3840 Dan.
724 3785 847 3842 restitnit
865 3804 897 3839 es
916 3783 1006 3836 tribus
1018 3782 1110 3840 Pars„

62 3855 107 3924 ll,
135 3869 162 3921 0·
179 3874 207 3928 c.
227 3877 275 3942 0.,
304 3879 398 3932 Menti.
419 3877 556 3950 (quinque
577 3879 648 3944 (ἱεῖς
688 3879 756 3936 On.
775 3872 1108 3942 nutumicpoctlurti·

63 3945 84 3999 la
97 3953 156 4022 Sil?-
173 3967 199 4016 el
213 3968 272 4025 nrt.
292 3969 380 4024 (isius
399 3969 449 4025 sit‘
458 3988 518 4025 esse
534 3989 584 4025 nec
601 3989 662 4025 cum
680 3970 731 4036 ins.
749 3972 866 4047 quidem,
885 3967 914 4020 in
934 3963 1008 4018 ouo.
1030 3967 1110 4016 uiro·

64 4056 101 4106 ile
115 4053 194 4110 omitti
209 4061 324 4128 quidem.
379 4063 487 4118 Deinde
511 4065 584 4154 quod
605 4065 640 4118 sd
659 4062 874 4117 asturulsm
892 4055 1109 4111 communitatem

65 4141 259 4216 antidiciorur,
294 4156 484 4228 tsutniogium
503 4156 612 4221 hebet,
649 4171 734 4226 quum
754 4153 783 4208 in
801 4153 846 4206 iris
867 4149 964 4212 libris,
1003 4145 1110 4202 utalia

65 4229 141 4298 ΜΕ,
155 4239 223 4296 iesse
240 4247 390 4316 debemus3
409 4249 481 4304 Duo.
493 4250 601 4304 ciuilem
619 4247 836 4302 communitatem
852 4241 1041 4298 substitncbst
1057 4241 1110 4295 irs-

66 4313 154 4393 luitque
170 4332 326 4396 imitatores.
