2788 4886
314 289 438 360 xxvt
729 290 985 362 PttAEFA‘rlo.

314 485 397 552 loci·
417 485 458 552 ab
476 485 539 552 hoc
551 483 692 550 uincitur
716 485 757 569 (Ι,
776 491 830 566 00,
847 486 891 568 ΙΙ,
908 491 1033 569 lim,
1048 488 1111 570 111,
1129 491 1185 571 m,
1208 504 1285 558 tnm
1312 494 1328 560 l

313 597 367 674 ἥ,
387 596 440 674 tt,
466 595 539 674 1⁰8,
563 591 620 658 ubi
640 595 675 658 in
697 592 768 660 Pal.
791 597 810 658 l
835 593 937 660 uerba
959 595 1178 680 exciderunt).

402 697 488 764 lllnd
510 712 601 786 patet
624 721 721 786 quom
744 699 1003 782 uiolentorum,
1043 703 1129 788 quod
1149 726 1196 770 ex
1222 705 1328 772 lracl

311 805 358 872 lia
379 829 463 872 unna
490 809 625 876 omnino
655 805 884 892 codex-plane
914 806 1063 874 conlatus
1091 823 1152 874 est.
1222 811 1327 900 Itaqn

310 914 408 980 laniet
438 916 660 980 teatimoninm
691 911 925 980 stabiliendum
953 914 1079 982 utiliter
1111 915 1318 986 adhibentur

309 1043 391 1109 quoe
414 1023 538 1088 mixtoe
560 1021 646 1086 dixi.
714 1021 787 1088 Hor
818 1043 881 1108 ego
914 1043 933 1088 c
967 1022 1105 1091 meliora
1131 1023 1265 1092 familia
1299 1051 1328 1112 pr

308 1131 437 1216 origine
452 1127 567 1196 doctor
585 1128 784 1194 deteriorum
798 1125 1086 1214 interpolationem
1102 1134 1296 1216 eucapiae
1316 1157 1328 1220 p

306 1234 392 1302 Nam
416 1236 502 1324 qnod
525 1233 665 1300 alteram
690 1237 725 1300 in
749 1245 891 1300 mantem
913 1237 1028 1301 uenire
1049 1247 1189 1324 poterat,
1227 1241 1327 1304 codic

306 1344 469 1410 deteriora
491 1339 617 1408 familie
641 1354 732 1406 ortos
754 1339 928 1408 meliorum
949 1345 1182 1428 conparatione
1205 1346 1328 1410 ernend

307 1471 392 1532 eoae,
414 1451 447 1515 ld
470 1471 568 1536 quom
592 1469 632 1512 eo
653 1445 800 1525 tollitur,
825 1447 911 1532 qnod
937 1469 996 1527 aa,
1045 1470 1116 1535 pute
1140 1448 1266 1516 habent
1292 1475 1312 1515 e

306 1557 399 1622 liorie
421 1557 554 1641 genecio
585 1555 773 1636 scriptorio,
818 1555 963 1620 minuma
993 1556 1155 1622 eiusmodi
1181 1570 1281 1636 anat,

305 1667 398 1750 quia,
436 1659 605 1726 intellecta
628 1657 800 1724 meliorum
825 1660 974 1728 codicum
1000 1667 1210 1747 prestantia,
1232 1667 1328 1750 praeci

304 1771 380 1834 inda
409 1789 539 1834 numera
568 1765 716 1830 nolniaee
754 1765 860 1831 uideri
903 1770 1028 1852 poenit,
1075 1790 1229 1853 magnam
1269 1793 1328 1855 par

303 1887 552 1962 pertinetque
583 1872 680 1938 facile
713 1871 856 1952 lateant,
901 1885 988 1954 turn,
1031 1875 1117 1960 quod
1138 1875 1173 1938 hi
1196 1875 1328 1941 codices

305 1983 472 2069 conparati
495 1992 591 2060 aunt,
639 1991 675 2044 ut
696 2001 761 2044 non
789 1978 897 2044 solam
926 1979 1088 2044 eiusmodi
1117 1994 1207 2046 recta
1240 1982 1328 2046 uolut

303 2109 367 2154 non
390 2088 564 2174 adpareat,
606 2085 664 2150 aed
688 2085 868 2173 singularia
889 2085 1035 2173 quedam
1060 2084 1205 2154 licentio.
1250 2089 1329 2152 Feci

303 2217 390 2262 tnom
415 2208 446 2260 et
470 2207 579 2258 antem
606 2193 645 2256 ad
666 2177 943 2279 intellegendum,
966 2196 1022 2280 qni
1043 2190 1116 2258 flori
1139 2195 1306 2286 potnerit,

299 2323 398 2388 quom
419 2299 519 2385 uolgo
540 2297 825 2366 circumferrentur
846 2298 974 2364 codicea
997 2298 1187 2383 interpolati
1217 2312 1250 2364 et
1282 2299 1328 2366 ho

301 2429 378 2472 anm
413 2404 533 2470 iudicio
573 2416 738 2489 tamqnam
772 2403 1012 2470 emendatiores
1041 2405 1279 2493 probarentur,

300 2525 415 2591 aetate,
459 2530 524 2595 qua
547 2509 681 2572 incanae
703 2509 738 2572 in
760 2506 858 2574 ltalia
880 2511 1142 2578 exardescebant
1164 2513 1272 2578 alodia
1297 2537 1327 2578 ut

299 2639 371 2684 ram
394 2617 609 2698 scriptorum,
652 2612 793 2700 eliquia,
839 2619 895 2702 qui
922 2619 956 2683 in
976 2621 1142 2706 antiquina
1166 2631 1200 2682 et
1222 2621 1327 2707 integr

299 2720 473 2808 exemplar
493 2719 673 2798 incidiaaet,
697 2721 731 2784 id
754 2722 1024 2810 interpolatorum
1047 2727 1279 2810 conparatione
1312 2750 1327 2792 o

300 2839 476 2916 rumperet.
490 2826 519 2909 ¹)

389 2931 427 2999 ln
450 2932 513 2998 hoc
535 2932 682 2998 codicum
709 2955 832 3021 genere
860 2935 1029 3004 habendae
1060 2951 1111 3004 eat
1141 2941 1280 3026 primum
1314 2943 1324 3004 i

297 3061 361 3127 qno
382 3041 549 3109 Uictorina
570 3060 650 3103 naua
671 3055 733 3106 eat·
782 3039 973 3123 Immittit,
1017 3067 1088 3132 qne
1112 3049 1146 3112 in
1169 3045 1327 3111 deterioril

297 3147 459 3210 adduntur
481 3144 518 3226 Ι,
547 3148 591 3212 8⁰
615 3158 649 3210 et
671 3149 714 3212 ot
739 3159 772 3210 et
790 3145 841 3227 ΙΙ,
874 3149 915 3214 12
936 3149 1114 3234 (tedforde
1133 3152 1274 3237 dircen),
1300 3176 1327 3218 m

296 3255 402 3338 lisque
426 3249 510 3316 locis
530 3273 601 3316 curn
628 3251 724 3317 bonia
745 3257 906 3318 consentit
927 3269 982 3330 et,
1026 3255 1084 3320 ubi
1115 3258 1157 3322 de
1181 3281 1243 3324 nno
1265 3259 1327 3324 Ert

295 3360 390 3446 genai
414 3371 559 3438 constet,
579 3357 768 3438 confirmat,
792 3359 879 3425 hunc
902 3375 990 3426 recta
1014 3385 1074 3448 pro
1098 3377 1167 3429 tota
1188 3365 1312 3431 familia

295 3477 378 3530 atam
398 3465 528 3545 accepi,
552 3462 644 3528 uelut
666 3463 700 3542 Ι,
723 3466 745 3528 t
768 3486 787 3528 c
811 3465 953 3546 Grecis,
975 3469 1018 3532 2ll
1034 3469 1187 3554 predulci,
1219 3473 1326 3538 interd*

294 3571 412 3635 leniter
435 3567 567 3633 aberret
588 3567 628 3652 (Ι,
652 3571 693 3632 ld
715 3575 783 3634 πίει·
805 3575 868 3648 la).
914 3571 1037 3638 Uerum
1063 3596 1109 3638 ex
1133 3577 1246 3644 eodem
1268 3579 1326 3644 Uic

294 3679 362 3742 rina
384 3673 467 3741 nihil
488 3673 660 3738 adnotauit
691 3674 732 3738 ad
762 3677 957 3763 eoriptnrnm
989 3677 1161 3765 uolgarem
1191 3705 1318 3768 prauam

293 3780 523 3872 interpolatam
543 3778 581 3864 Ι,
601 3781 663 3864 20,
683 3781 736 3860 89,
761 3783 822 3862 dd,
844 3785 907 3862 47,
925 3783 986 3863 oo,
1009 3783 1052 3865 ΙΙ,
1075 3789 1136 3867 20,
1158 3789 1218 3867 80,
1239 3790 1297 3868 ol,
1318 3791 1326 3852 l

312 4059 339 4128 ¹)
358 4057 444 4126 Quod
463 4053 581 4109 tertiam
599 4051 756 4125 excogitari
774 4059 886 4125 potent,
924 4063 1023 4128 coepta
1049 4071 1102 4110 nec
1128 4063 1219 4113 tamea
1243 4060 1326 4115 theol!

357 4147 580 4222 interpolatione
597 4145 651 4201 hoe
676 4164 692 4199 a
717 4144 893 4202 deteriorem
910 4147 1017 4202 relicua
1033 4147 1126 4221 atirpc
1144 4151 1303 4216 deflexisse,

357 4248 386 4294 et
403 4242 494 4298 nialla
511 4243 567 4298 alia
587 4239 674 4296 habet
690 4237 810 4294 aduerte
828 4246 858 4294 ct
878 4239 1045 4312 coarguitur
1069 4239 1133 4314 ipto
1157 4258 1255 4315 genem
1279 4245 1325 4301 iot«

356 4333 510 4406 polationit
529 4339 677 4408 aneceple.
