2788 4886
490 275 746 348 taurento.
1047 282 1172 350 xxm

74 471 191 536 eadent
216 473 359 548 omissa,
380 468 494 549 uelut,
523 484 558 536 ut
579 474 706 542 minora
728 471 886 560 exesapla
911 495 1051 560 ponant,
1077 475 1129 557 11,
1149 481 1171 546 2

73 578 183 660 (esses),
202 578 225 642 0
245 576 373 659 (nunc),
395 579 417 639 1
437 577 563 660 (nero),
614 581 658 644 20
680 579 820 666 (qnasi),
841 581 884 644 20
907 582 1014 664 (esse),
1036 595 1071 646 nt
1092 586 1171 650 insi-

72 687 212 770 gaiana,
233 683 267 762 l,
296 685 340 748 00
364 683 475 766 (non),
494 681 545 761 11,
566 687 610 750 20
632 684 718 768 (tos
738 685 808 752 lonc
827 721 869 734 -
887 687 1009 767 solent,
1055 687 1111 754 arbi
1135 692 1169 756 ia

74 794 189 876 psoris
214 813 273 870 ea,
299 811 372 876 quse
396 791 610 872 exciderant,
631 791 699 860 alio
718 793 792 862 loen
815 805 956 860 retracta
980 795 1081 877 sant),
1108 793 1168 875 ΙΙΙ,

70 901 116 962 11
134 900 238 982 (qnos
260 898 319 964 sel
338 895 629 982 comprehensiones
655 901 713 968 trel
734 901 997 984 perceptiones),
1051 901 1102 980 V,
1127 905 1169 968 11

69 1009 286 1086 (stennone
321 1003 457 1087 doloris)
497 1017 530 1070 et
561 1006 603 1072 10
639 1007 786 1088 (etionss'
811 1003 899 1070 notet
927 1007 1167 1092 corsseqnstsr),

68 1131 179 1196 aare
201 1111 307 1176 miuus
332 1125 421 1176 certo
440 1111 571 1182 indicio·
585 1111 759 1182 tserborusn
784 1114 1062 1198 transpositiones
1078 1135 1165 1181 cosn-

71 1237 207 1292 rnunes,
231 1229 267 1280 ut
291 1214 340 1294 V,
357 1217 401 1280 00
424 1215 524 1300 (astet
542 1225 655 1304 itaque
676 1220 815 1304 sopitos
836 1241 895 1306 pro
918 1217 1013 1288 ns’ks'l·
1026 1221 1166 1306 anplius

69 1323 196 1408 desse)
222 1337 254 1388 et
275 1325 319 1388 02
354 1325 526 1410 (repressa
558 1331 595 1392 in
624 1331 667 1394 iis
699 1345 777 1392 uero
810 1347 869 1412 pro
903 1343 1061 1411 expresso
1086 1349 1165 1392 uero

70 1433 104 1492 is
136 1430 207 1511 iis).
275 1427 445 1496 Postremo
483 1431 613 1498 adsedit
651 1435 758 1500 omnis
799 1431 923 1498 relicus
966 1435 1164 1514 conspiratio

71 1555 168 1618 quon
189 1536 226 1598 iu
246 1533 411 1602 scribendi
429 1536 617 1619 erroribus,
663 1537 755 1608 uetus
779 1540 867 1622 (uam
893 1541 987 1625 quasi
1012 1551 1165 1625 equanto

73 1653 163 1724 parte
182 1637 262 1707 lilssi
283 1644 419 1708 secundi
450 1642 607 1730 exempla
635 1665 776 1730 ponam,
823 1665 930 1732 noque
959 1657 1068 1710 temen
1091 1665 1163 1712 sans

71 1749 287 1828 exhauriens,
321 1763 357 1815 ut
381 1750 553 1834 adpareat,
598 1763 717 1837 quauta
743 1753 786 1818 ait
806 1753 913 1838 eopia)
938 1753 960 1816 ’1
974 1754 1164 1838 putant,9

72 1877 139 1920 cs·
161 1877 228 1922 nos
251 1857 363 1922 dolere
385 1870 418 1922 et
447 1863 575 1940 posset,
618 1861 660 1922 10
692 1857 897 1925 dissimiliter
926 1869 960 1922 et
987 1875 1080 1944 osce,
1122 1859 1162 1920 ll

69 1983 178 2047 prope,
203 1966 245 2026 lt
263 1969 299 2028 in
322 1969 430 2028 anino
453 1977 487 2028 et
509 1970 687 2042 omsietnr,
708 1967 751 2028 10
772 1964 866 2030 dicat
887 1975 920 2026 et
936 1971 1039 2048 putot
1061 1962 1162 2042 dicut,

71 2074 110 2134 10
124 2075 264 2154 pugnis,
288 2071 331 2134 20
352 2089 493 2156 reaque,
516 2071 560 2134 22
579 2078 750 2154 perenm,
771 2071 815 2134 21
834 2078 963 2143 tossen,
998 2071 1042 2132 20
1063 2068 1162 2132 nlloss

72 2189 101 2240 et
127 2197 344 2262 qseuqnon,
387 2191 456 2242 turn
489 2195 647 2242 insanusne
676 2176 711 2240 ia
745 2171 877 2240 infinita
903 2173 1042 2259 quadarn
1064 2175 1163 2238 inter·

74 2279 256 2368 solutione,
301 2304 400 2370 quoru
421 2295 478 2348 aut
500 2301 599 2348 uoces
615 2279 760 2348 librariis
785 2293 949 2349 consuetus
972 2301 1030 2366 pro
1053 2281 1162 2348 minut

74 2391 153 2454 tritis
185 2389 430 2456 substituuntur
457 2389 513 2472 (tn
549 2389 746 2474 pernolgoto
776 2407 835 2472 pro
858 2387 1061 2474 portugale)
1094 2399 1161 2466 aut,

71 2509 231 2562 stroeturs
252 2497 411 2562 orationis
440 2508 474 2560 et
503 2496 536 2560 ui
562 2515 624 2562 uon
649 2506 832 2579 perspectu,
858 2491 961 2560 uerba
994 2507 1160 2558 mutantur

72 2603 223 2680 (isels'ss
246 2601 386 2681 definere
408 2623 465 2687 pro
488 2603 585 2666 stelin
620 2599 778 2680 definias,
823 2602 865 2663 18
888 2599 1000 2680 docet,
1031 2601 1102 2664 uolt
1118 2633 1157 2648 -

72 2707 231 2792 distingui
253 2729 311 2794 pro
335 2708 453 2772 doecre
476 2707 557 2785 uolt,
577 2741 619 2754 -
640 2707 826 2790 distinguit,
852 2707 896 2768 00
922 2705 979 2770 nel
998 2705 1160 2783 diuidere,

71 2811 195 2880 sublate
224 2811 350 2899 figura,
374 2835 433 2899 pro
458 2818 492 2877 si
512 2812 692 2895 dissidere),
719 2811 883 2878 interdum
905 2813 1005 2878 etiam
1026 2823 1159 2897 propter

75 2933 214 2985 ueterem
243 2919 408 2986 scribendi
430 2921 591 2984 rationem
611 2939 676 2982 nou
708 2917 909 2982 intellectam
944 2917 1001 3000 (17
1024 2922 1070 2980 sit
1098 2938 1157 2998 pro

72 3031 140 3103 siat,
164 3027 252 3113 quod
274 3033 377 3092 nosnos
399 3025 578 3114 singularia
603 3025 730 3088 numeri
755 3043 828 3088 esse
848 3020 1057 3112 pertubatur),
1102 3035 1158 3086 nut

71 3153 163 3212 praua
197 3137 401 3199 surrectione
441 3130 645 3198 occultentur
684 3131 821 3210 ruenda,
868 3131 987 3215 partim
1019 3149 1090 3214 qnae
1122 3129 1155 3191 in

72 3239 175 3305 codiee
197 3239 377 3330 archetypo
402 3254 496 3304 erant
510 3253 542 3304 et
565 3241 599 3304 in
623 3235 815 3304 melioribus
836 3232 1002 3299 codicibus
1024 3247 1156 3300 seruata

70 3363 135 3410 sont
156 3350 314 3433 (tineosi
340 3352 415 3434 qus‘s
443 3368 501 3434 pro
532 3351 605 3434 quis
633 3349 731 3433 quusi
762 3364 808 3406 ex
840 3346 912 3428 quis
940 3341 1100 3426 queeso‚¹)
1133 3343 1155 3404 n

72 3450 193 3519 ls'ssresst
213 3451 442 3540 proterretur
468 3451 718 3532 exhilaretur,
764 3451 806 3514 ld
829 3446 956 3533 quietern
984 3468 1044 3532 pro
1069 3446 1153 3512 islcns

71 3561 227 3642 suiten),
249 3561 367 3646 pastino
407 3579 480 3644 ques
515 3562 550 3624 in
580 3559 697 3624 horum
727 3555 874 3622 oudinum
904 3554 1050 3639 principa
1077 3565 1154 3618 natn

71 3679 153 3730 erant
174 3665 242 3750 (ll,
281 3667 326 3729 20
349 3677 383 3730 et
411 3665 473 3744 sn,
510 3665 587 3746 ubi,
631 3685 727 3752 quarn
748 3661 902 3728 nudantes
924 3661 1034 3724 ornnie
1057 3681 1154 3724 uersa

70 3771 143 3848 sint,
185 3793 284 3859 quom
312 3769 416 3837 semel
457 3785 601 3837 erratum
634 3782 738 3850 esset,
778 3765 943 3832 declaraui
974 3769 1008 3829 in
1042 3766 1152 3846 notis).

73 3873 170 3964 dtqne
192 3877 273 3959 hoc,
320 3879 631 3968 quodnostrernum
656 3877 727 3941 dixi
757 3875 798 3940 de
829 3870 1082 3961 interpolatione
1106 3890 1151 3932 ex

73 3983 163 4064 ipsius
184 3987 385 4051 deteriorum
409 3985 554 4052 codiourn
581 3985 736 4072 principis
761 3983 887 4048 mendis
916 3991 1014 4058 nata,
1051 3975 1150 4042 latius

73 4101 162 4168 patet.
207 4091 294 4158 Nsrn
319 4107 354 4157 ut
379 4091 424 4173 ll,
445 4093 489 4158 lt}
510 4089 670 4156 eiusmodi
693 4091 813 4156 erroris
836 4105 953 4158 caussa
974 4087 1071 4150 etiarn
1095 4081 1151 4148 ad·

72 4227 287 4252 Ἤ

95 4304 200 4372 ’1581
218 4307 303 4364 erim
321 4309 352 4366 irr
370 4309 561 4366 deterioribus
588 4305 643 4363 lror
662 4305 795 4362 mondum
814 4305 959 4360 seruatum
977 4307 1013 4358 et.
