2694 4882
384 289 446 358 ET
468 287 579 356 Mna.
599 287 685 355 LlB.
706 287 766 354 111.
1056 291 1121 354 845

47 507 129 573 quous
157 487 202 552 st
227 483 323 551 lsesste
354 490 513 551 miserem
542 483 718 550 sciscendum
747 482 835 548 nilil
861 487 1033 570 quicquam
1062 503 1122 548 uu·

47 597 124 673 lent,
150 602 272 679 prater
294 591 461 656 honesturn
483 601 520 656 et
537 599 651 676 turpe,
682 600 790 655 tossen
812 595 900 653 inter
922 597 1049 653 ceteras
1069 608 1122 653 res

47 700 163 785 aliquid
180 705 338 779 interest,
360 707 399 763 ut
418 698 489 762 alia
511 703 578 763 sint
594 695 824 775 astumotiliu,
846 695 917 760 aliu
937 693 1122 760 incestuosa-

45 805 124 884 tato,
146 807 217 872 ulia
240 811 400 884 nwtsuss,
425 804 551 868 etalio
574 804 775 892 προηγμένα
796 803 1026 888 (preposito),
1050 802 1121 865 aliu

44 903 301 1002 ἀποπροηγμένα
313 912 490 994 (reiecto),·
505 909 661 978 detlns'tur
673 919 776 976 autem
792 909 1023 998 προηγμένον,
1037 907 1124 992 quod

44 1024 79 1081 sit
105 1019 301 1098 imdsffssens
331 1038 401 1082 cuso
429 1023 657 1082 astunutione
685 1015 847 1080 mediocri
868 1015 912 1097 (c.
934 1015 976 1079 16
999 1023 1032 1079 et
1052 1014 1122 1096 lli).

46 1123 127 1188 Bosa
153 1131 205 1189 sic
225 1124 441 1204 diuiduntur,
483 1131 524 1187 ut
542 1124 614 1187 alia
637 1128 705 1187 siut
724 1115 839 1190 outoni
847 1167 860 1200 ,
904 1121 942 1185 ut
964 1129 1033 1200 est,
1078 1118 1124 1184 ud

38 1227 125 1304 finon
141 1235 369 1316 pertinentia,
391 1229 462 1294 alia
482 1221 664 1317 ποιητικοί,
699 1231 825 1309 idest,
849 1229 1056 1308 efficientia,
1089 1233 1122 1291 et
1213 1221 1216 1228 ’

46 1341 198 1418 pertinens
213 1345 322 1402 usstsss
339 1343 375 1400 et
392 1334 546 1413 senciens
567 1341 733 1422 supientia
748 1343 798 1411 st,·
820 1353 893 1421 qua
914 1343 1022 1400 uatem
1038 1353 1122 1418 pra-

48 1450 141 1524 posito
164 1443 341 1521 diaulus,
365 1447 488 1528 partin
507 1463 569 1527 per
587 1463 624 1507 se
649 1448 723 1527 ipsa
738 1445 917 1527 pomponia
939 1448 1025 1520 suut,
1039 1459 1141 1532 purg

50 1551 105 1626 tiu,
124 1549 214 1635 quod
235 1549 365 1636 aliquid
387 1547 556 1628 reficiunt,
572 1555 697 1634 portius
719 1557 906 1634 utrumque‚·
930 1544 1042 1610 loruss
1064 1564 1123 1628 ge·
1239 1567 1240 1570 ¹

51 1673 140 1720 nauso
164 1661 203 1720 iss
222 1663 298 1720 utro
322 1653 516 1732 bonafama
531 1649 688 1740 ponenlta
707 1661 762 1734 sit,
785 1651 895 1719 Stoici
915 1652 1122 1716 dissentiunt.

51 1759 84 1834 (a
102 1763 160 1841 lo,
184 1762 252 1845 17).
302 1759 467 1842 Officium,
495 1761 557 1827 loc
580 1771 647 1842 est,
677 1761 764 1848 quod
783 1759 978 1838 itafaetum
1002 1767 1051 1835 st,
1085 1763 1123 1820 ut

52 1871 107 1930 eius
116 1867 218 1944 fecti
226 1865 413 1952 probabilis
433 1875 520 1933 ratio
545 1869 643 1932 reddi
655 1873 777 1953 possit,
812 1887 874 1930 nec
894 1871 930 1929 im
953 1862 1046 1927 bouis
1061 1881 1122 1946 po·

51 1977 123 2037 stur
150 1995 213 2038 nec
238 1979 277 2038 iss
303 1975 416 2051 malis‚·
457 1975 495 2038 id
521 1982 674 2039 uersatur
695 1979 731 2038 in
758 1993 886 2050 eoruss,
925 1987 994 2053 qna
1014 1967 1123 2032 media

51 2089 119 2160 sust,
139 2079 220 2144 aliis
242 2081 416 2159 sumendis,
440 2081 519 2147 aliis
541 2078 721 2145 reiciendis
744 2079 789 2157 (c.
810 2077 862 2156 17,
885 2076 955 2157 le).
1003 2074 1123 2157 Itaque

53 2182 92 2248 lis
109 2185 222 2250 mediis
239 2191 338 2251 etium
365 2205 519 2252 excessus
541 2191 649 2250 euitu
671 2194 706 2250 et
724 2189 760 2248 in
780 2185 852 2246 uita
873 2185 998 2244 maasia
1018 2178 1125 2243 mosle-

53 2293 143 2356 ronstu
172 2301 220 2370 st,
265 2301 304 2356 ut
330 2293 491 2358 interdum
520 2298 703 2378 sapientie
724 2295 797 2355 nita
819 2286 1048 2352 discedendum
1069 2293 1125 2364 sit,

55 2417 130 2478 quon
149 2404 194 2462 sit
216 2398 446 2477 teats'ssussus,
470 2401 570 2465 stulto
595 2397 806 2475 manendum,
829 2399 978 2482 quamuis
1000 2396 1046 2455 sit
1067 2397 1125 2454 ssi·

54 2522 111 2582 ser,
135 2503 304 2568 dummodo
324 2503 475 2588 plurilus
497 2502 703 2567 naturalibus
716 2499 863 2582 fruetur
884 2501 927 2580 (c.
951 2501 1017 2582 18).
1064 2497 1125 2560 [μ’-

55 2605 113 2671 tesi
131 2630 152 2672 a
169 2609 364 2703 parentibus
389 2619 511 2674 natura
534 2618 708 2686 amantum
755 2617 853 2693 atque
875 2603 953 2670 ltine
969 2601 1125 2689 profecto

56 2719 81 2774 et
104 2714 201 2779 latius
220 2736 401 2800 progressu
429 2722 571 2806 spcietas
606 2719 709 2778 omnis
732 2699 876 2778 lominus
898 2713 1125 2796 conplectitur.

57 2816 187 2886 Mundus
211 2828 310 2908 quusi
331 2829 505 2888 eommunis
526 2822 604 2887 urbs
623 2831 658 2887 et
677 2824 798 2885 ciuitas
820 2819 951 2883 oleorum
973 2827 1007 2882 et
1026 2816 1125 2881 looni-

57 2942 116 2987 ssss
137 2935 184 3007 st,
213 2933 420 3015 cuiusquam
443 2935 662 3017 unusquisque
682 2936 825 2992 nostrum
844 2947 928 3010 pars
948 2931 1010 3001 sit,
1043 2943 1125 2985 coss-

59 3039 144 3096 nunu
172 3035 304 3099 utilitas
329 3043 447 3100 nostra
474 3035 702 3121 anteponenda
730 3043 761 3098 st
790 3032 834 3111 (c.
857 3034 924 3114 lo).
991 3025 1127 3092 Natura

59 3137 95 3198 tl
117 3142 240 3205 ciuilem
273 3149 530 3207 communitatem
559 3145 729 3205 coniuncti
755 3147 789 3203 et
807 3141 990 3201 consociati
1009 3153 1126 3211 sumus,

61 3245 129 3324 quosl
154 3253 191 3311 ssi
216 3253 268 3311 ito
290 3257 393 3328 esset,
435 3270 497 3313 nea
516 3254 651 3313 iustitia
673 3267 732 3310 uec
753 3244 896 3308 bonitati
918 3246 1008 3307 locus
1032 3247 1125 3303 esset.

61 3345 132 3415 Huic
156 3363 407 3420 consentaneum
437 3363 486 3432 st,
533 3363 571 3419 ut
598 3358 697 3418 etiam
723 3356 857 3435 sapiens
880 3347 1126 3436 rempublicam

61 3454 256 3524 alstanum.
325 3461 383 3525 Ao
409 3459 495 3524 lanc
521 3459 683 3524 lominum
714 3461 901 3521 societatem
930 3476 1126 3522 conseruau-

61 3559 118 3626 ‹lass
141 3573 288 3650 pertinet
317 3569 485 3652 intellegi,
530 3568 744 3631 emolumenta
773 3563 933 3630 lominum
963 3573 996 3630 et
1026 3564 1127 3626 ‹letri-

61 3680 147 3736 uento
173 3678 356 3738 communic
387 3693 458 3737 esse
490 3681 524 3736 et
543 3677 661 3757 μανίας
709 3671 872 3736 commoda
896 3679 1003 3735 autem
1026 3677 1061 3733 et
1077 3675 1127 3731 in-

63 3779 202 3844 commota
224 3784 405 3843 cornmuus'u
427 3798 492 3842 non
514 3787 590 3843 sunt
611 3779 656 3858 (c.
677 3781 730 3858 eo,
755 3781 823 3861 21).
866 3777 1040 3852 Amicitia,
1062 3780 1128 3836 tum

63 3883 169 3949 assuta
200 3894 377 3973 ceteraeque
399 3890 539 3950 uirtutes
558 3907 620 3971 per
641 3907 694 3965 se,
743 3904 808 3949 aon
831 3886 989 3949 utilitatis
1011 3899 1128 3943 causeo

64 4001 250 4070 expetuntur.
320 3996 415 4060 Inter
447 4000 587 4058 uirtutes
617 4003 725 4058 autess
755 3997 852 4056 etiam
881 3989 1060 4052 dialectiea
1096 3996 1127 4048 et

61 4089 176 4175 olyrac
197 4107 388 4164 numeratur
408 4101 458 4182 (c.
476 4102 537 4180 21,
559 4101 632 4184 22).
681 4100 746 4164 His
769 4101 930 4182 expositis
956 4092 1037 4157 Coto
1049 4115 1128 4178 per-

63 4217 154 4266 tonans
183 4212 362 4292 sapientie,
405 4208 515 4292 qualis
542 4227 564 4271 a
594 4204 718 4272 Stoicis
748 4203 961 4282 describitur,
1005 4223 1129 4286 sompes·

64 4299 338 4393 teunjorsunan,
358 4314 485 4391 diuitis,
508 4320 598 4398 regis
619 4313 748 4378 isutucit
769 4320 802 4374 et
826 4320 970 4376 exornat
994 4312 1041 4398 (c.
1061 4313 1129 4390 22).
