2788 4886
256 1571 666 1666 romanulo
699 1575 1083 1668 ltnlsjoms.
1170 1601 1173 1608 ’

554 1795 785 1811 ψ

1 2021 2 2026 ,
122 1893 236 2030 Duo
260 1979 354 2047 snut,
380 1970 516 2055 opinor,
548 1989 620 2054 quse
644 1965 788 2033 lectores
810 1991 831 2035 a
853 1991 906 2036 me
928 1970 1085 2037 hocloco
1109 1971 1219 2056 requi·

129 2089 206 2140 rent
224 2087 294 2156 ant,
319 2081 349 2142 ei
370 2095 436 2140 non
458 2076 627 2162 requirent
645 2076 727 2156 ipsi,
772 2077 912 2161 rogandi
936 2075 1017 2141 mihi
1038 2087 1135 2154 sunt,
1183 2090 1219 2139 ut

131 2180 291 2247 benenolo
313 2186 424 2248 animo
453 2195 487 2247 et
510 2181 643 2246 adtento
667 2180 839 2267 accipiant.
894 2179 980 2248 Nam
1009 2169 1149 2270 prirnnm
1171 2181 1219 2246 di·

130 2290 264 2354 cendum
286 2302 316 2354 st
346 2291 387 2355 de
413 2288 530 2354 borum
563 2285 743 2367 librorum,
786 2309 868 2374 quos
898 2286 1014 2355 Cicero
1036 2287 1219 2356 delinibat

132 2393 286 2460 bonoram
309 2393 525 2461 etmalorum
548 2397 692 2483 scripsit,
713 2395 941 2460 emendatione
957 2409 990 2462 et
1011 2399 1218 2463 enarratione

134 2517 165 2566 et
187 2506 348 2568 uniuersa
367 2523 518 2590 operae
549 2523 602 2566 me
629 2504 664 2566 in
696 2503 739 2567 iis
768 2506 885 2587 positae
917 2507 1001 2570 ratio
1032 2506 1081 2570 sic
1108 2503 1219 2593 expli·

134 2610 242 2689 conda,
265 2621 313 2690 nt,
337 2629 408 2696 qnoe
433 2611 468 2672 in
491 2611 734 2674 commentariis
755 2611 905 2698 disperse
930 2613 1036 2698 posita
1060 2623 1158 2690 sunt,
1180 2633 1220 2676 ea

133 2715 174 2781 nd
195 2738 272 2782 suas
294 2737 429 2780 censeas
450 2716 634 2802 generatim
655 2727 811 2780 reuocata
844 2731 877 2782 et
905 2715 1057 2804 intellegi
1087 2716 1219 2804 plenius

134 2835 166 2886 et
184 2824 320 2888 indicari
344 2825 465 2888 rectius
486 2823 624 2908 possint.
696 2821 772 2900 Quo
801 2821 876 2887 loco
907 2825 1005 2891 etiam
1036 2823 1119 2888 illud
1142 2820 1220 2888 ecfi-

134 2952 204 2996 ctre
226 2929 390 3010 conabor,
434 2940 471 2992 ut
499 2926 636 2994 libertae
672 2929 819 3015 qnaedam
844 2941 877 2993 et
901 2928 1097 3016 simplicitas
1118 2929 1219 2994 iudici
1292 2955 1299 2972 ·

132 3049 164 3101 et
185 3039 361 3116 orationis,
384 3043 405 3100 a
428 3056 493 3121 qna
514 3055 555 3098 ne
577 3034 631 3100 hic
655 3037 786 3122 quidem
811 3036 999 3117 discedam,
1044 3038 1163 3102 merito
1187 3049 1221 3100 et

131 3146 314 3208 necessario
337 3140 486 3208 adbibita
508 3161 581 3206 esse
604 3141 767 3207 uideatur.
813 3140 955 3222 Deinde,
970 3164 1042 3228 quse
1063 3142 1104 3207 de
1126 3139 1220 3208 Cice·

129 3253 257 3316 roniani
279 3252 388 3336 operis
419 3250 526 3314 forma
555 3261 654 3335 atque
683 3249 904 3335 descriptione
939 3250 1023 3313 scitu
1045 3247 1147 3336 digna
1170 3251 1220 3314 ui·

131 3357 292 3424 debentur
317 3379 422 3445 neque
446 3359 480 3421 in
505 3357 749 3421 commentariis
770 3369 827 3420 ant
851 3377 909 3441 per
932 3375 1093 3419 excursus
1115 3376 1221 3441 expo·

129 3467 213 3544 rita,
254 3464 518 3550 conprehendam
551 3475 584 3526 et
607 3460 648 3526 ab
678 3464 719 3526 iis
750 3461 790 3526 nd
826 3462 918 3546 ipsos
947 3458 1051 3525 libros
1079 3459 1221 3526 lectores

129 3575 269 3636 uittam.
316 3572 382 3638 Sed
404 3573 495 3659 prior
516 3567 577 3634 illa
594 3569 785 3655 disputatio,
807 3570 901 3633 cuius
926 3588 1046 3654 magna
1068 3589 1144 3654 pars
1165 3568 1222 3633 ad·

124 3692 260 3762 paratus
285 3679 390 3743 critici
412 3675 636 3763 explicatione
659 3671 898 3755 continebitur,
945 3696 1042 3761 quom
1074 3696 1135 3739 sue
1163 3697 1221 3740 na·

126 3802 202 3852 tnra
224 3787 382 3850 maiorem
406 3785 635 3847 necessitatem
659 3779 779 3846 habeat
801 3804 897 3870 quam
920 3769 1172 3846 delectationem
1187 3781 1222 3843 in

125 3891 225 3957 rebus
248 3893 384 3955 minutis
407 3911 466 3975 per
491 3886 647 3976 ambages
681 3889 936 3976 persequendis,
959 3902 1026 3953 tum
1052 3884 1223 3951 molestior

125 3997 181 4077 fit,
207 3999 293 4086 qnod
319 3995 394 4084 plne
416 3993 593 4059 uerborum
615 3996 869 4083 consumendum
900 4007 931 4059 st
960 3995 995 4057 in
1024 4011 1138 4055 eorum
1171 4013 1224 4058 co·

124 4107 232 4171 dicum
261 4105 579 4182 conmemoratione,
601 4121 682 4188 qnos
713 4123 827 4188 parum
859 4101 1030 4179 nouimus,
1069 4120 1166 4191 quam
1189 4103 1224 4166 in

125 4233 264 4288 eorum,
311 4231 449 4297 qnorum
472 4208 592 4296 plenus
614 4230 693 4274 osus
715 4229 891 4276 concessus
914 4217 975 4269 eet.
1030 4203 1146 4294 linque
1168 4208 1224 4274 de·
1296 4189 1304 4200 ’

122 4341 262 4408 precor,
298 4339 339 4382 ne
360 4339 434 4383 mea
455 4319 676 4382 existumetur
698 4315 813 4404 culpa,
858 4333 930 4399 quer
954 4315 1160 4399 superiorum
1184 4328 1225 4380 st.

1003 4445 1023 4488 a
