2726 4884
282 1337 337 1413 M.
363 1339 527 1414 TULLI
558 1339 840 1421 CICERONIS

88 1669 298 1760 FlNlBUS
331 1671 619 1763 BONORUM
647 1679 728 1764 ET
756 1676 1053 1766 MALORUM

281 1833 284 1838 ’
380 1872 742 1954 umnommmi

509 2069 643 2087 ᾑ-

317 2195 820 2290 cannamomum,

53 2357 92 2468 ha
107 2419 258 2492 prooemio
280 2413 363 2480 Iihri
389 2417 504 2484 Cicero
527 2427 656 2499 namot,
678 2439 770 2506 quom
789 2424 861 2502 ipse
882 2425 916 2482 et
939 2415 1112 2496 oms-aser

53 2519 76 2572 et
97 2514 140 2578 Μ.
167 2519 290 2605 Papius
323 2523 405 2589 Piso
435 2532 470 2588 et
491 2523 526 2588 Τ.
548 2525 743 2609 Pomponius
762 2523 899 2588 Atticus
930 2532 964 2588 et
987 2523 1029 2587 Β.
1055 2524 1109 2588 es·-

54 2635 118 2698 cero,
128 2621 238 2697 frater
257 2632 365 2712 ipsias
382 2631 567 2712 patruelis,
586 2629 729 2695 Athenis
743 2627 941 2693 Antiochum
964 2629 1112 2694 audiuis-

54 2733 116 2803 smt,
135 2737 166 2792 et
183 2729 433 2798 ambulationem
454 2735 744 2819 postmeridianam
766 2739 802 2798 io
825 2735 1012 2802 Academia
1036 2755 1111 2799 coa-

48 2823 177 2912 decem,
219 2856 367 2904 sermome
388 2840 484 2920 ducto
502 2845 642 2924 primum
667 2861 689 2904 a
704 2839 980 2904 commemoranda
1004 2846 1043 2902 ui
1064 2841 1112 2903 Io·
1230 2915 1233 2922 Ι

56 2953 139 3000 corum
165 2941 209 3006 ad
236 2945 400 3008 clarorum
432 2951 577 3010 uirorum
606 2951 790 3010 memoriam
817 2950 854 3009 io
877 2949 996 3008 aoimis
1017 2963 1113 3007 remo·

56 3041 188 3125 uaedam,
224 3055 418 3114 mentionem
441 3051 599 3115 incidisse
621 3057 744 3115 ueteris
763 3054 1006 3115 etreceatioris
1022 3048 1113 3113 Aca·

56 3141 219 3218 doricarum
239 3155 437 3240 ds'scipts'aa,
465 3177 557 3241 quom
577 3157 653 3220 Piso
676 3157 718 3220 L.
746 3155 933 3220 Ciceronem
956 3153 1003 3218 ad
1024 3161 1114 3218 uete-
1158 3165 1162 3171 “

56 3265 114 3329 “³¹2
131 3261 163 3320 t'o
185 3280 249 3344 quo
270 3267 370 3326 etiam
391 3262 610 3348 Peripatetici
626 3269 744 3339 eareat,
761 3258 1017 3344 persequendam
1038 3257 1113 3322 hor-

57 3358 166 3424 taretur.
215 3365 295 3430 Tuos
318 3376 467 3451 rogatum
488 3387 510 3431 a
531 3387 566 3431 se
588 3367 754 3442 Pisonem,
776 3373 815 3430 ot
834 3369 958 3430 ueteris
980 3365 1113 3430 Acade·

58 3464 112 3523 aie
140 3477 170 3530 et
193 3470 487 3556 Peripateticorum
515 3479 708 3557 senteutiam
738 3472 780 3536 de
808 3469 930 3546 fiaihus
960 3469 1116 3535 honorum

58 3569 232 3654 explicaret,
260 3575 449 3641 huiuamodi
467 3583 645 3642 orationem
670 3599 740 3643 esse
762 3597 915 3642 exorsum
938 3577 956 3661 (
958 3598 986 3640 o.
1008 3578 1093 3657 1·8)
1101 3597 1115 3637 .·

59 3663 321 3756 Peripateticorum
344 3682 521 3767 disciplioa
542 3688 579 3746 ia
601 3689 663 3748 tris
680 3687 810 3769 partis,
835 3681 966 3760 uisere
987 3689 1117 3758 cetera,

59 3769 204 3864 tottam,
217 3785 399 3871 physicam,
419 3789 639 3868 dialecticam,
653 3789 804 3854 ethicam.
836 3787 1029 3852 Hactertio
1038 3803 1119 3868 pars

61 3875 91 3939 oh
108 3885 167 3950 dtis
188 3909 251 3956 aaa
271 3894 372 3958 solum
390 3895 437 3958 od
450 3901 596 3979 priuato
619 3900 891 3970 siderationem,
937 3889 997 3954 sed
1018 3893 1117 3953 etiam

61 3983 96 4044 “d
112 4009 209 4059 retum
226 3997 431 4081 publicarum
453 4004 629 4065 rectionem
661 4001 769 4063 relato
801 4006 834 4062 st
864 4003 897 4060 et
919 3993 960 4059 ah
989 3994 1121 4060 Aristo-
1223 3981 1245 4049 ι’

63 4090 113 4174 tete
137 4105 168 4160 et
197 4099 413 4189 Theophrasto
445 4109 574 4190 copiose
606 4105 777 4188 eapticotu
807 4103 854 4183 (c.
882 4101 932 4183 4).
1003 4097 1053 4163 Hi
1081 4100 1123 4164 de

56 4187 114 4261 tm
138 4197 283 4273 imarum
318 4216 355 4275 ies
386 4215 460 4295 ipsc
491 4218 614 4274 summo
642 4217 677 4272 et
696 4225 802 4272 secum
825 4213 859 4268 et
879 4211 968 4270 iuter
990 4225 1025 4270 ss
1048 4225 1126 4270 coa·

66 4307 202 4384 testium
246 4315 304 4380 sed
326 4335 419 4400 quom
443 4315 483 4380 de
508 4315 605 4380 heato
626 4315 696 4378 uita
718 4319 897 4398 queratur,
946 4316 982 4375 io
1005 4331 1042 4376 eo
1065 4331 1124 4376 ua·
