2728 4878
275 247 317 360 ιι
625 289 883 360 aurursus
907 289 1008 358 uos.

276 503 344 552 tum
376 487 560 572 potuimus,
603 507 670 550 uou
697 485 793 550 modo
821 486 900 572 quid
929 483 1024 549 nobis
1049 482 1264 572 probaretur,
1307 505 1328 556 u

274 596 375 658 etiam
404 592 480 679 quid
505 615 525 656 u
554 589 695 680 singulis
723 589 963 679 pbilosophise'
979 589 1164 676 disciplinis
1184 591 1328 656 diceretu

276 701 441 786 persecuti
457 719 582 763 sumus.

367 805 410 870 V.
451 808 503 870 18.
529 804 580 871 ‘Ut
600 816 709 868 sutem
731 824 751 866 s
773 801 951 868 lucillumis
973 801 1156 880 ordiamur,
1180 805 1327 889 primun

278 913 347 974 uiet
367 913 401 974 ia
424 913 566 975 melium
591 909 722 996 Epicuri
745 912 849 988 metio,
892 931 974 995 quse
997 907 1162 996 plerisque
1184 911 1329 972 notissur

278 1029 327 1095 st,
369 1037 466 1102 quum
490 1039 510 1080 a
528 1015 622 1080 uobis
642 1018 691 1080 sic
713 1015 890 1100 intelleges
914 1017 1120 1101 expositam,
1151 1027 1189 1078 ut
1211 1013 1255 1078 ab
1277 1013 1329 1096 ipsi

277 1123 335 1206 qai
364 1143 436 1186 eam
466 1121 670 1206 disciplinam
690 1120 844 1207 prebent,
881 1143 948 1186 uon
972 1120 1078 1186 soleat
1100 1121 1289 1186 adcuratiue
1308 1141 1329 1184 er

277 1227 406 1310 plicari.
471 1228 593 1294 Uerum
616 1231 703 1292 cuim
725 1221 876 1292 iuuenile
899 1225 1073 1306 uolumus,
1115 1249 1181 1296 noa
1201 1241 1330 1311 tamque

279 1332 501 1399 adumsmium
524 1331 666 1420 aliquem
688 1337 892 1398 concinuere.
947 1333 1112 1398 Adcurate
1135 1345 1247 1396 autem
1269 1347 1330 1417 quoi

280 1441 354 1504 dam
379 1463 398 1505 a
420 1439 459 1503 L.
482 1438 668 1526 Torquate,
701 1439 833 1506 homine
858 1442 947 1502 omri
969 1440 1116 1504 doctriua
1136 1439 1287 1516 credito,
1312 1437 1330 1498 l<

279 1547 373 1612 seusa
396 1559 426 1609 st
448 1545 581 1631 Epicuri
602 1547 764 1610 sententia
785 1544 825 1609 de
851 1543 1037 1630 uoluptate,
1080 1567 1100 1608 a
1122 1566 1240 1630 meque
1263 1545 1294 1606 ei
1316 1563 1330 1602 ιι

279 1673 458 1737 sponsum,
490 1671 587 1736 quom
608 1647 648 1713 C.
670 1649 843 1728 Triarius,
875 1652 909 1714 iu
931 1653 1043 1736 primis
1065 1652 1178 1737 grauis
1200 1661 1234 1713 et
1254 1649 1331 1712 decu

240 1837 245 1848 ⁸
282 1755 484 1836 adulescens,
508 1759 539 1819 ei
561 1756 773 1842 disputationi
795 1759 980 1819 interesset.
1025 1758 1077 1820 14.
1098 1755 1182 1819 Num
1206 1775 1303 1840 quom
1322 1771 1331 1812 ι

282 1884 335 1932 ure
353 1864 389 1926 in
399 1859 581 1926 Cumanum
601 1859 764 1926 salutandi
788 1883 903 1926 caussa
926 1875 1062 1946 uterque
1085 1862 1244 1938 uenisset,
1266 1877 1331 1943 pau(

281 1969 387 2052 primo
419 1969 503 2030 iuter
533 1986 594 2030 uos
622 1967 664 2030 de
694 1965 831 2044 litteris,
876 1988 1013 2052 quarum
1042 1986 1204 2032 summum
1236 1963 1331 2030 erati

278 2087 419 2159 utroque
441 2073 602 2150 studium
642 2073 760 2137 delude
784 2071 993 2157 Torquatus,
1031 2071 1196 2149 Quoniam
1219 2072 1306 2136 nacti
1320 2083 1332 2130 ιι

282 2179 407 2263 iuquit,
431 2198 543 2241 sumus
565 2176 741 2263 aliquande
766 2181 919 2257 otiosum,
943 2191 1031 2241 certe
1053 2179 1195 2253 audiam,
1219 2175 1332 2263 quidsi

260 2285 369 2368 ¹quod
394 2283 568 2368 Epicurum
598 2295 744 2346 nostrum
774 2305 839 2346 nen
861 2297 895 2346 tu
919 2284 1049 2369 quidem
1073 2285 1201 2360 oderis,
1246 2295 1280 2344 ut
1300 2281 1332 2344 ier

283 2387 424 2466 fuciunt,
469 2388 525 2472 qui
554 2385 594 2449 ab
625 2408 664 2448 eo
695 2385 908 2468 dissentiunt,
954 2389 1010 2452 sed
1044 2401 1131 2452 certe
1154 2409 1218 2452 nou
1240 2387 1333 2474 prole,

285 2515 383 2570 eum,
407 2512 502 2574 quem
525 2513 587 2573 ego
613 2489 752 2555 arbitror
774 2515 874 2556 unum
898 2494 1018 2557 uidisse
1042 2516 1168 2573 uerum,
1190 2494 1333 2558 maxumi

337 2639 412 2693 nodo)
426 2651 469 2684 ou.
483 2641 504 2684 R
545 2639 621 2695 rebla)
634 2653 650 2684 o
664 2641 768 2686 seber
794 2643 818 2696 a)
833 2655 877 2689 oar.
891 2643 913 2688 ll
953 2643 1090 2718 llrcipflulp)
1104 2644 1271 2700 discipulirtl
1329 2639 1333 2683 l

279 2715 604 2770 ,erumnosus-amru
634 2715 708 2774 'iprial
724 2715 805 2764 wau
837 2719 875 2772 b.)
889 2719 962 2765 [Ε
995 2720 1110 2774 0.)1“.0
1172 2719 1206 2766 11.
1218 2719 1333 2776 primonr

285 2792 381 2836 murale
431 2790 558 2848 primaint.
574 2795 625 2847 uos)
639 2795 684 2838 lut.
700 2805 725 2836 rr·
737 2795 812 2860 ιιι-,11
861 2795 969 2848 nectite)
984 2795 1030 2839 boe
1045 2796 1128 2840 tituli
1175 2791 1333 2854 qoequer'oi

285 2867 373 2922 orieris)
386 2868 466 2912 oculte
480 2868 500 2912 11
527 2869 589 2923 tero)
604 2875 672 2913 certe
687 2869 714 2913 Μ
742 2868 909 2925 maxumisque)
923 2871 1038 2914 mimia
1052 2864 1092 2915 er

287 3006 408 3062 lineatur
424 3011 455 3059 et
478 3007 529 3074 (oe
548 3005 612 3059 llis.
631 3005 659 3059 11
666 3043 674 3070 ,
692 3006 742 3073 ὅ)ι
778 3013 810 3059 ut
827 3005 934 3058 Grecis
952 3007 986 3059 ele
1000 3007 1179 3078 philosophia
1196 3009 1301 3062 litteris
1315 3023 1333 3056 u

287 3103 396 3165 egeant,
416 3105 531 3168 propter
548 3097 660 3152 adiecta
675 3097 770 3150 multia
786 3103 814 3151 ct
832 3099 867 3150 de
880 3097 1075 3167 philosophie,
1107 3119 1159 3156 uec
1177 3107 1271 3156 temen
1292 3099 1333 3154 dui

287 3187 421 3241 tationem
442 3205 555 3258 prorsus
569 3191 684 3243 tollunt.

356 3280 523 3348 disciplinis)
556 3278 649 3334 Etiam
671 3267 704 3333 'ia
730 3277 803 3348 Spir.
834 3285 862 3332 et
888 3278 1260 3352 (1ιιι1.1ιιιιιίι1ιίοι“ριιὶιί,
1298 3293 1333 3349 qur

288 3367 436 3438 ’'Scaliger
454 3373 490 3423 ad
508 3387 587 3425 orem
607 3369 673 3424 libri
693 3370 827 3426 adlcrrit.”
860 3371 1086 3426 [recemundum
1103 3381 1140 3428 et.

358 3460 427 3528 Gap.
445 3461 477 3524 V,
496 3461 538 3514 la.
579 3463 614 3514 Ut
640 3471 731 3516 autem
759 3479 777 3513 c
790 3463 945 3527 sacillumie
964 3463 1116 3528 ordiamur)
1153 3461 1233 3534 Sepe
1251 3459 1333 3516 lroeC

287 3565 353 3602 cero
373 3556 402 3603 et
419 3549 481 3602 iure
497 3550 575 3617 elicit,
595 3551 770 3608 facillumum
786 3571 846 3609 esee
863 3553 979 3624 Epicuri
999 3551 1186 3624 disciplinam,
1204 3557 1275 3625 quod
1293 3551 1331 3607 nul

287 3639 325 3694 rit
342 3637 370 3693 ia
389 3657 423 3694 ea
440 3641 592 3707 subtiliter,
609 3646 690 3698 uuila
709 3663 805 3700 rerum
822 3647 1015 3701 uerborumue
1030 3645 1195 3701 obscuritas.
1233 3648 1292 3700 Gir.
1306 3639 1333 3712 §l

288 3733 565 3794 Tuec.1ll‚liet7.

357 3825 392 3878 ab
409 3825 492 3893 ipsis)
510 3827 602 3894 Quom
621 3825 751 3880 otiaretur
765 3827 800 3880 ab
819 3827 871 3890 bie,
889 3826 918 3879 ia
938 3841 1028 3897 marg.
1049 3828 1124 3880 crat.
1144 3831 1172 3881 et
1189 3845 1205 3880 e
1223 3831 1284 3882 cod.
1298 3823 1333 3879 Uir

288 3919 440 3972 adnotatur
457 3916 492 3968 ob
510 3916 586 3983 ipsit.
623 3915 773 3984 Fueritrre‚
793 3919 867 3989 quod
887 3935 941 3972 nou
961 3920 1063 3984 credo,
1088 3919 1267 3974 scribendum
1286 3919 1333 3972 abr

288 4007 366 4077 ipris,
385 4010 420 4063 sel
438 4013 474 4074 11,
491 4005 528 4061 aa
547 4013 694 4076 quaretur.

357 4099 399 4153 ll.
439 4099 588 4169 Epicurum
612 4107 735 4154 uestrum
760 4117 813 4154 nou
842 4102 912 4168 Sec.)
937 4101 1046 4156 ’'Palal.
1073 4119 1116 4172 pr.
1145 4102 1267 4172 amplisu
1284 4097 1330 4156 hai

289 4186 398 4242 tuatim
416 4193 462 4244 uol
480 4192 574 4246 simile
590 4191 674 4263 quid;
692 4209 758 4249 aem
775 4195 888 4264 syllaba
906 4199 1050 4264 postremo
1067 4193 1184 4266 uirgule
1195 4203 1221 4250 at
1238 4194 1333 4250 incula*

289 4275 447 4332 liumus
486 4284 684 4339 Gruterus.
