2788 4886
305 310 393 380 xlv
708 311 978 382 ttttAEFA‘tm.

306 521 380 565 nam
403 499 490 587 Spir.
519 510 552 564 et
583 497 651 564 urt.
683 521 755 566 cum
784 499 918 566 relicuis
941 499 1075 564 coruino
1097 497 1268 566 omnibus
1295 501 1319 565 h

304 605 374 672 doec
394 606 536 690 portic?
583 605 629 671 Ar
648 617 681 670 ct
702 605 818 672 inErl.
844 621 914 672 arat
937 605 1026 672 clare
1047 605 1107 671 doc
1119 614 1244 694 petito
1264 622 1303 673 et

305 727 356 779 rut
372 714 458 778 idem
484 714 597 778 nidere
620 716 653 778 in
676 717 824 801 margine
847 713 1020 778 Cratandri
1041 727 1207 779 notatum.
1265 715 1319 780 Se

304 818 468 885 infinitum
492 823 547 901 sit,
565 841 665 886 uuum
685 821 843 896 socordis
866 843 938 886 cnm
962 823 1031 907 pari
1052 820 1201 887 stultitia
1223 825 1319 886 conis

305 927 493 1013 exemplum
516 927 652 1008 addam,
682 949 745 1014 quo
768 928 851 994 nihii
875 929 980 1014 magis
1011 927 1189 993 ridiculum
1214 951 1319 1014 excep

305 1047 425 1120 potest.
471 1031 557 1100 Nam
574 1035 627 1114 V,
663 1036 703 1098 41
729 1035 762 1100 in
788 1036 931 1100 editione
961 1032 1138 1118 Bipontina
1173 1057 1299 1099 errore

308 1155 399 1228 ptum
421 1154 468 1206 st:
490 1147 531 1220 st,
552 1149 589 1206 ut
609 1145 706 1205 tauto
731 1143 817 1232 dixi,
838 1177 880 1192 -
901 1148 933 1206 ti
953 1145 1026 1227 (pro
1048 1142 1094 1223 re)
1119 1147 1267 1226 quisque
1293 1163 1319 1204 ct

304 1256 420 1312 sceret.
466 1246 550 1312 Eum
574 1269 718 1313 errorem
737 1271 833 1336 quom
857 1247 1061 1314 Goareuaius
1085 1250 1291 1334 repetisset,
1318 1283 1319 1300 ι

193 1347 197 1356 ’
306 1351 402 1418 oculo
420 1352 526 1418 altero
548 1357 745 1442 semiaperto
768 1356 869 1435 uidit,
892 1357 925 1418 in
949 1357 1060 1420 codice
1079 1353 1244 1420 Ericusa
1269 1375 1319 1434 ιε,

306 1473 415 1526 tamen
428 1460 614 1546 euigiiauit,
632 1475 669 1525 nt
688 1462 722 1526 id
743 1464 777 1526 in
800 1460 952 1526 omnibus
974 1459 1141 1524 codicibus
1164 1473 1199 1524 et
1222 1481 1319 1547 supet

307 1566 368 1632 bus
391 1565 591 1631 editionibus
615 1589 688 1633 esse
711 1589 772 1632 nec
794 1569 867 1631 sine
891 1589 931 1656 eo
963 1566 1064 1632 ullam
1095 1589 1170 1632 esse
1201 1580 1319 1630 senten

305 1674 600 1754 animaduerteret,
641 1674 717 1755 scd,
764 1673 875 1761 qualia
904 1673 1067 1760 permulta
1092 1675 1309 1760 grnuissume

307 1780 422 1845 Somni
444 1779 577 1846 oracula
600 1782 687 1860 edit,
710 1793 820 1844 narrat
843 1794 931 1844 recte
952 1783 1056 1868 repeti
1078 1786 1110 1846 ιι·
1130 1781 1226 1865 (tt'tt'
1241 1799 1319 1865 cogt

306 1909 366 1974 pro
389 1893 423 1952 ιι·
444 1907 495 1952 ste
516 1893 701 1974 cognosco),
721 1887 782 1952 hoc
799 1887 1001 1951 confundens
1026 1909 1098 1952 oum
1115 1888 1315 1951 condicione

305 1995 398 2080 piore
421 1992 569 2060 subiecta
590 1995 772 2060 condicioni
786 1994 986 2081 generaliori
1009 1995 1089 2078 (uid.
1105 1994 1145 2057 nd
1170 1993 1217 2072 tt,
1242 1993 1319 2075 112)

306 2099 369 2165 hoc
392 2100 524 2167 humina
555 2100 638 2165 nihii
668 2123 802 2188 prorsus
831 2103 1056 2168 admirationis
1086 2098 1210 2164 hebent
1235 2101 1319 2164 ciust

306 2208 535 2286 confusiones,
557 2206 686 2293 qualem
709 2208 751 2272 ad
769 2207 818 2288 11,
842 2211 885 2273 to
908 2211 1032 2274 notaui.
1077 2207 1147 2272 Iam
1170 2229 1268 2294 quern
1293 2209 1319 2271 si

306 2313 505 2400 Eulangensi
526 2314 636 2378 codice
661 2336 770 2379 errare
795 2316 956 2395 uidemus,
981 2336 1076 2402 qncor
1096 2317 1167 2401 ipsc
1188 2315 1222 2376 in
1245 2335 1319 2378 man

307 2414 469 2498 habebat,
504 2422 581 2507 qnid
607 2421 682 2485 huic
706 2421 863 2486 accidisse
886 2436 1039 2507 putamus
1061 2423 1094 2484 in
1117 2421 1286 2507 scripturis
1309 2439 1319 2485 t

308 2536 355 2598 cis
380 2531 546 2618 Spirensis
568 2539 601 2590 et
620 2525 841 2606 Basileensis,
865 2527 983 2614 quibus
1005 2540 1178 2613 antequam
1202 2527 1250 2589 uti
1272 2547 1319 2612 pot

307 2641 391 2706 ratio
413 2635 564 2701 habenda
587 2633 687 2696 tuem
719 2646 895 2698 contextus
930 2633 1137 2713 Manutieni,
1182 2654 1317 2721 quocum

307 2746 429 2812 conlati
453 2740 586 2808 essenti
628 2739 716 2804 iliud
738 2760 838 2804 unum
859 2754 1017 2826 praeterea
1039 2740 1253 2804 animaduerti
1276 2737 1319 2804 ue}

306 2855 495 2940 saepissume
520 2851 550 2914 ei
574 2847 753 2927 accidisse,
794 2859 846 2926 ut,
889 2869 987 2932 qnom
1011 2869 1090 2912 uere
1113 2848 1300 2933 scripturam

306 2981 403 3048 qnam
426 2980 472 3022 ex
493 2977 558 3020 uno
582 2952 753 3019 duobusne
771 2953 937 3020 codicibus
960 2955 1108 3040 proferre
1132 2966 1257 3040 posset,
1297 2953 1319 3018 it

307 3073 410 3132 omnis
429 3084 515 3143 tuor,
538 3064 654 3128 multet
677 3061 879 3149 appelleret,
902 3076 937 3126 ut
958 3082 1055 3147 quom
1075 3063 1221 3146 proprias
1241 3059 1319 3124 meli

306 3173 441 3239 familiae
462 3172 640 3256 scripturas
662 3181 894 3248 conmemorat,
918 3189 992 3255 quse
1011 3170 1044 3231 in
1067 3166 1135 3232 Erl.
1157 3181 1188 3231 et
1210 3167 1307 3253 Spin,

307 3280 433 3344 tendum
456 3279 490 3340 in
519 3297 585 3340 uno
604 3288 763 3361 praterea
784 3287 888 3338 crant.
957 3271 1073 3360 Neque
1098 3297 1160 3361 ego
1181 3276 1212 3336 in
1236 3276 1317 3337 omni

308 3383 495 3447 huiusmodi
518 3381 600 3446 locis
622 3384 807 3446 cautionem
837 3381 994 3466 ascripsi,
1033 3401 1130 3467 quom
1153 3380 1190 3444 ed
1212 3382 1257 3445 rei
1279 3383 1319 3464 ipt

307 3490 572 3554 diiudicationem
603 3486 685 3551 nihii
713 3488 893 3570 pertineret
929 3487 1031 3564 scire,
1079 3501 1228 3572 quantum
1263 3509 1319 3552 errt

307 3597 440 3661 ueritati
470 3594 708 3659 admiscuisset.
753 3591 898 3676 Adparet
920 3605 1042 3672 autem,
1063 3595 1092 3656 si
1114 3596 1184 3680 quis
1202 3594 1319 3658 huiusm

308 3701 503 3768 testimoniis
526 3700 654 3777 credet,
699 3698 772 3764 tolli
794 3721 890 3765 omne
913 3699 1069 3764 iudicium
1093 3699 1134 3764 de
1156 3701 1319 3766 codicumt

308 3811 443 3876 crimine
466 3820 499 3871 et
521 3805 709 3892 generibus.
720 3807 749 3888 ι)

306 3980 537 3996 —1—-

328 4086 356 4152 Ι)
376 4079 669 4137 Ammadnortonduut
684 4085 721 4142 st,
741 4077 772 4132 in
791 4094 847 4150 quo
861 4087 984 4133 erratum
1001 4078 1073 4143 uidi,
1091 4078 1190 4133 '’biuot
1205 4077 1281 4132 ilios”
1297 4097 1319 4152 aq

376 4173 567 4228 Goeccncium
590 4171 648 4228 dici
681 4169 743 4227 Erl.
770 4177 799 4224 ct
823 4169 917 4244 Spin,
952 4171 1077 4225 '’imos’'
1104 4171 1173 4226 duos
1200 4189 1319 4246 quoscum

265 4309 270 4318 .
376 4265 479 4388 dddede’.
494 4271 527 4334 1,
546 4266 622 4336 dra).
674 4262 844 4338 Elegantius
875 4263 931 4319 hoc
951 4263 1046 4318 uisum
1070 4269 1098 4320 st
1123 4283 1200 4339 quem
1214 4272 1281 4320 recte
1296 4265 1319 4320 dt
