2728 4878
254 299 297 362 62
607 293 666 360 DE
687 289 865 360 FlNlBUS
887 289 990 358 Bou.

257 491 426 577 uoluptate
451 492 584 572 quaeri,
605 491 646 554 de
669 511 734 577 qua
752 509 849 554 omae
871 499 1044 552 certamen
1060 485 1132 550 cett
1167 481 1239 549 'l'uo
1260 507 1332 552 aer1

256 599 289 662 id
311 598 452 684 quidem,
474 597 618 682 inquam,
640 596 810 661 arbitrato.
858 595 915 660 Sic
937 595 1055 658 faciam
1076 593 1191 679 igitar,
1215 594 1324 678 inquit

256 726 353 770 unam
384 695 453 766 reni
481 701 655 787 explicabo
692 723 829 790 eamque
871 721 1077 774 maxumam;
1122 699 1164 762 de
1203 697 1331 784 physici

257 811 359 885 aliam
404 823 436 874 et
467 810 596 895 quidem
626 809 687 873 tibi
710 822 742 872 et
763 808 1016 872 declinationem
1037 808 1133 870 istam
1162 817 1332 868 atomornn

258 933 290 983 et
314 915 570 1004 magnitudinem
594 914 675 985 eolis
696 913 863 998 probabo,
913 929 945 978 et
968 912 1149 978 Democriti
1173 925 1281 976 errata
1305 911 1332 974 al

258 1026 399 1113 Epicuro
427 1021 626 1108 reprehensa
656 1034 688 1085 et
712 1035 857 1087 correcta
880 1019 1053 1102 permulta.
1120 1014 1217 1080 Nunc
1240 1018 1332 1082 dican

258 1133 298 1196 dc
326 1131 516 1215 uoluptate,
558 1127 641 1192 nibil
671 1128 797 1192 scilicet
828 1129 925 1205 noni,
973 1149 1013 1190 ea
1034 1139 1162 1203 tameo,
1206 1146 1289 1210 quae
1315 1139 1332 1186 o

258 1243 364 1324 ipsum
389 1236 601 1322 probaturum
628 1257 701 1299 esse
724 1231 896 1299 confidam.
943 1231 1052 1310 Certe,
1076 1233 1221 1316 inquam,
1247 1233 1331 1314 perti

258 1368 327 1410 nux
352 1363 513 1421 nonem,
543 1341 684 1428 tibique,
716 1343 746 1404 ni
768 1338 846 1403 mibi
870 1338 1024 1426 probabis
1049 1359 1106 1415 ea,
1138 1357 1222 1421 qaae
1247 1337 1332 1398 dices

258 1443 399 1516 libenter
420 1449 596 1512 adsentiar.
649 1451 702 1510 99.
726 1444 897 1522 Probebo,
936 1445 1061 1531 inquit,
1093 1442 1190 1506 modo
1214 1443 1277 1505 ista
1303 1444 1329 1504 si

260 1559 445 1642 aequitate,
486 1575 580 1640 quam
611 1553 767 1618 ostendis.
840 1549 905 1616 Sed
936 1553 983 1614 uti
1013 1552 1162 1614 oratione
1192 1563 1332 1636 perpetus

311 1761 470 1819 iuquamoar.
483 1759 553 1804 nutu
576 1765 600 1805 et
614 1759 715 1816 quidem)
729 1757 875 1814 equidemss
901 1755 1173 1814 eorrecteieorrepteir
1200 1719 1332 1810 dieculam*

259 1841 279 1885 b
307 1837 423 1897 probabit)
435 1835 617 1894 probauertrll
664 1834 794 1892 intrauit,
808 1835 923 1890 nodo)or.
938 1835 1022 1893 tupi!

260 2021 291 2074 in
310 2019 370 2074 Eri.
392 2016 441 2090 qai
459 2025 555 2072 natam
573 2021 599 2072 et
617 2031 632 2069 o
651 2016 816 2088 compendio
839 2014 917 2070 nocie
934 2015 1041 2086 igitur3
1058 2013 1117 2070 uid.
1131 2031 1193 2070 aar.
1206 2014 1299 2084 ecript.
1312 2029 1332 2064 a<

259 2114 307 2176 lv,
324 2109 351 2163 2.
378 2108 500 2164 Mutatio
520 2127 643 2180 pcreorre
662 2108 709 2164 bic
728 2107 788 2180 ipra
809 2106 1038 2180 interrogationi·
1056 2109 1151 2162 ior-mo
1169 2114 1198 2161 et
1209 2107 1332 2180 paroeat

261 2205 350 2274 igitur
366 2200 528 2272 rigniticata
546 2203 668 2256 uidetur.
703 2201 764 2254 cir.
782 2201 817 2253 ad
836 2201 874 2262 Ii,
891 2200 918 2256 9.

329 2293 495 2363 reprehensa
513 2301 540 2347 et
556 2294 694 2361 correcto)
718 2292 848 2347 Bremia·
866 2291 1036 2362 depredeaeo
1054 2291 1198 2358 malebam
1236 2306 1300 2344 eom
1319 2288 1332 2340 it

260 2386 492 2459 reprehendendo
512 2402 609 2440 errore
628 2387 739 2440 unllam
755 2402 815 2440 oeae
833 2384 975 2452 meritum,
994 2387 1041 2440 eod
1059 2383 1181 2455 primam
1201 2381 1230 2436 ia
1249 2385 1330 2452 depre

261 2479 427 2539 hendendo,
455 2486 515 2531 tum
534 2479 563 2531 ia
582 2478 761 2550 corrigendo.
796 2479 908 2533 Addere
927 2485 1048 2549 poterat,
1067 2464 1270 2548 repre'lrenenm
1290 2491 1331 2527 ero

262 2573 298 2626 ab
316 2570 441 2640 Epicuro
462 2569 665 2637 Democritum,
687 2570 757 2626 eatie
775 2579 872 2626 aotam
891 2571 987 2624 iniere.
1024 2570 1079 2624 Sed
1095 2575 1213 2638 peccota
1231 2569 1285 2622 iila
1301 2569 1331 2618 tu

261 2661 331 2730 irre,
355 2681 411 2718 nou
429 2663 634 2727 conueniebat3
662 2681 713 2718 aec
731 2665 830 2718 Cicero
849 2671 899 2719 aut
917 2679 952 2717 ea
970 2669 1037 2718 ntae
1055 2661 1258 2731 deprehendere
1275 2677 1331 2714 erro

261 2773 317 2811 rem
335 2754 419 2820 dirit3
455 2753 483 2808 ia
509 2754 682 2810 iaciaoeiboe
699 2763 727 2811 et
745 2758 830 2811 rebar
848 2756 969 2811 coneilio
991 2763 1019 2812 et
1035 2755 1139 2809 fraudo
1153 2754 1302 2808 occultatio
1318 2749 1331 2800 it

263 2850 383 2905 uerbum
410 2849 578 2920 ponebatur.

332 2945 359 2996 ei
374 2943 441 2996 milri
452 2942 584 3012 probabit
602 2943 648 3010 ea)
667 2943 737 2997 01x.
755 2941 810 3008 ΒΕ,
849 2943 923 2999 (iad.
941 2942 961 2996 2
978 2939 1158 3012 probauerit,
1177 2955 1233 2994 noa
1253 2953 1331 2992 neree

261 3033 337 3091 caria
355 3034 545 3100 currentiam
576 3041 687 3106 poterat
705 3036 781 3089 caim
800 3037 934 3092 aduenere
951 3037 1043 3107 ipearn
1055 3031 1281 3104 'disputationem
1301 3047 1331 3084 co

262 3126 374 3192 mitari,
395 3143 450 3182 aaa
468 3128 562 3182 colom
580 3143 615 3181 ea
635 3126 715 3181 linita
733 3126 810 3182 omri.
850 3127 954 3184 Maluit
973 3127 1071 3182 Cicero
1087 3124 1219 3195 pretato
1235 3131 1330 3196 propte

263 3221 346 3274 dicer.
1060 3219 1064 3240 ’“

331 3311 376 3366 19.
410 3313 466 3366 ieta
483 3314 522 3365 eie
545 3314 689 3386 equitate,
727 3331 809 3386 quam
830 3312 963 3382 ostendit)
997 3313 1094 3373 Uarro,
1133 3312 1207 3384 qaod
1233 3309 1330 3364 eciator

263 3401 337 3458 Uict.
363 3404 450 3457 codex
475 3411 504 3459 ct
530 3405 590 3460 ciue
615 3405 700 3461 editio
727 3425 783 3480 qua
807 3407 942 3472 cremata,
977 3405 1072 3476 figora
1089 3404 1141 3458 ilia
1159 3421 1192 3458 ex
1211 3403 1330 3472 ellipeio

264 3495 439 3550 adtractione
457 3501 542 3560 nata,
576 3495 654 3550 caiae
673 3501 802 3570 exemplo
818 3497 944 3570 plenior,
978 3514 1062 3568 quam
1083 3494 1186 3562 ceteri,
1223 3485 1330 3562 conlegi

263 3587 426 3658 llruegerua
442 3587 470 3639 in
491 3587 566 3641 libro
585 3589 620 3640 do
638 3590 757 3645 adtract.
775 3611 802 3661 p.
821 3590 874 3646 259
886 3607 956 3662 eqq„
973 3607 989 3643 a
1007 3607 1063 3661 qao
1081 3596 1175 3642 tamen
1195 3587 1256 3658 ipae
1277 3581 1330 3640 ratil

182 3681 186 3694 '
263 3698 318 3736 nou
336 3697 449 3751 proriae
468 3687 545 3734 recte
562 3681 703 3751 explicata
720 3689 754 3737 rt.
791 3685 864 3737 Nam
884 3699 917 3735 ox
936 3698 970 3735 ea
988 3680 1070 3736 uerbi
1086 3680 1245 3745 omissione,
1264 3677 1330 3749 quot

263 3780 368 3830 tractat
384 3793 412 3846 p.
431 3772 501 3837 282,
537 3775 635 3843 paullo
655 3775 730 3829 ultra
749 3775 819 3829 tinea
840 3791 905 3828 euoe
924 3791 1074 3847 progreraa
1091 3775 1152 3827 brec
1170 3773 1265 3844 figura
1283 3773 1329 3824 aet

262 3874 304 3934 et,
324 3883 411 3940 eaque
429 3882 528 3920 caueto
544 3872 584 3930 et,
621 3873 801 3922 certantum
819 3867 847 3920 irr
865 3867 950 3920 certio
971 3866 1139 3938 quibusdem
1160 3865 1255 3918 aerbie
1274 3871 1301 3916 et
1316 3859 1329 3912 it

261 3961 439 4015 breuieeuraa
460 3957 602 4013 eeateatie
618 3959 712 4014 torma
731 3963 825 4014 iocum
843 3961 958 4015 babeat.
1012 3961 1094 4031 Apud
1113 3959 1254 4012 neminem
1275 3955 1329 4010 rain

263 4053 397 4112 Latinum
414 4049 505 4105 simile
523 4052 683 4122 reperietur
702 4053 1074 4123 exemplamilenopboatei,
1091 4054 1163 4125 quod
1182 4072 1211 4124 p.
1227 4053 1280 4106 258
1297 4063 1329 4120 po

265 4143 320 4197 nit:
340 4131 378 4199 ὧν
393 4145 445 4214 μὲν
460 4141 507 4200 νῦν
525 4143 646 4216 λέγονται
667 4141 810 4216 λήψεσθαι
827 4141 857 4200 oe‘
874 4145 1050 4218 repeticione,
1087 4142 1170 4202 adduit
1188 4141 1274 4201 αὐτῶν
1292 4143 1329 4211 tpr

264 4231 366 4290 redeam
383 4234 460 4303 χάριν
477 4240 586 4304 εἴσεται,
606 4256 673 4305 aec,
700 4239 774 4312 quod
797 4236 935 4292 Horatiae
953 4237 1039 4292 dieite
1058 4239 1167 4306 iudice,
1192 4257 1244 4312 quo
1264 4231 1329 4288 nortl

261 4327 379 4394 populo,
405 4333 517 4397 poterat
533 4333 620 4388 ctiam
637 4333 746 4388 dicere:
772 4331 878 4394 iudice,
898 4349 951 4402 quo
968 4339 996 4385 te
1011 4347 1092 4386 actae
1109 4330 1200 4396 dicia,
1239 4318 1329 4400 populi]
