2722 4886
338 301 399 369 ΕΤ
420 301 531 370 MAL.
553 301 639 370 Llll.
661 305 694 371 V
716 305 812 372 CAP.
836 311 887 372 to.
1098 311 1162 374 m

65 497 237 583 loptstem.
285 496 395 576 Quidl
424 521 520 586 quern
545 497 639 565 fictos
663 500 815 576 lebuine,
848 499 1008 589 equibus
1032 500 1157 566 utiliter

64 603 157 668 nollo
187 602 265 668 elici
297 618 428 691 potest,
475 628 547 670 curn
573 606 742 693 uoluptate
768 607 930 694 leginnrsl
970 609 1023 672 62.
1045 607 1157 686 Quint

63 731 163 794 quous
183 710 336 775 uolumus
359 713 493 776 nomine
515 733 649 792 eorum,
694 714 849 799 quiquid
873 715 1055 800 gesserint,
1079 727 1156 778 nota

63 814 160 879 uobis
179 837 272 895 esse,
309 819 474 904 parentis,
508 821 666 904 petriam,
696 819 799 884 multu
820 832 991 906 praetereo
1011 822 1155 920 nsinugre

63 923 273 987 necessariori
296 921 406 1001 Quint
444 925 529 1008 qnod
554 923 705 988 homiues
729 923 842 990 infima
866 925 1018 1003 fortune,
1064 924 1155 991 nulla

60 1049 253 1114 superorum
285 1030 524 1116 gerendorum,
565 1027 701 1116 opifices
721 1031 861 1117 denique
884 1030 1088 1096 delectantur
1107 1032 1155 1096 bi·

116 1222 177 1277 ellei)
191 1223 245 1267 sset
257 1221 322 1268 nott
337 1225 400 1270 dsscl
415 1223 453 1279 (P)
493 1235 546 1269 cous
560 1224 617 1276 nol.)
630 1231 683 1268 tssns
699 1223 843 1284 uoluptates
858 1224 879 1269 ll
946 1226 981 1276 bi·
997 1225 1154 1281 delectentur)

60 1301 222 1345 delectentur
235 1296 296 1343 lai’c

133 1473 196 1525 elici
210 1474 317 1541 petest)
336 1475 429 1544 Quom
448 1473 476 1526 in
497 1474 594 1528 codice
623 1475 779 1545 srclselypo
800 1477 873 1529 esset
893 1476 951 1528 dici
975 1479 1021 1542 (ιιι
1045 1475 1075 1530 iu
1097 1476 1153 1530 sli-

61 1569 130 1634 qoot
149 1566 238 1630 l’sll.‚
256 1567 369 1632 steen,
388 1567 419 1624 C.
438 1567 468 1620 C.
488 1567 538 1632 C.,
557 1568 606 1640 lig,
625 1565 696 1633 (lsi,
715 1574 829 1642 excepto
848 1567 922 1622 (lud.
941 1568 984 1636 l),
1002 1564 1154 1637 dupliciter

60 1659 87 1711 id
107 1667 264 1712 correctum
283 1666 328 1728 st,
363 1665 395 1712 nt
421 1665 472 1714 sut
498 1659 564 1712 duci
581 1666 671 1726 esset,
708 1659 945 1730 qoemudnrodusu
965 1661 1032 1712 snio
1050 1659 1153 1717 Guium

58 1751 256 1816 scribebatur,
276 1755 325 1804 snt
342 1749 422 1816 elici,
459 1752 533 1822 qnod
554 1769 586 1805 es
601 1769 657 1806 uuo
679 1751 742 1805 l'ul.
762 1753 895 1821 (quarto,
913 1767 968 1804 uon
985 1750 1107 1816 dicltnr‚
1126 1757 1155 1804 et

61 1850 129 1912 poto
148 1845 300 1898 secondum
317 1842 423 1904 luisse,
459 1844 551 1898 nostri
566 1844 588 1898 b
605 1841 803 1910 siruilluruuut)
822 1849 850 1896 et
871 1841 945 1896 llud.
964 1843 981 1895 1
1000 1843 1024 1896 is
1041 1842 1153 1898 asciuit.

62 1935 174 1998 Tenui,
211 1937 286 2005 quod
307 1953 371 1990 cusu
391 1935 533 2000 codicem,
553 1953 640 2005 equo
659 1934 747 1989 nostri
766 1935 843 1991 ducti
861 1934 935 2001 sini,
957 1935 998 1989 sic
1015 1933 1152 2004 scripturn

60 2029 147 2080 luisse
168 2028 264 2091 credo,
282 2034 315 2082 ιιι
332 2045 364 2080 cs
383 2027 410 2080 el
427 2028 514 2081 locile
532 2029 553 2080 d
573 2027 650 2080 nosci
671 2034 773 2097 posset.
828 2025 991 2085 Simillusuu
1008 2042 1106 2082 errore
1124 2013 1153 2080 iu

60 2120 177 2174 Tuscul.
199 2121 242 2182 ll.
263 2118 297 2172 27
315 2136 367 2190 pro
386 2119 523 2173 eicientur
540 2119 603 2186 (sed
622 2117 651 2174 in
671 2117 881 2189 antiquissumis
899 2118 1042 2175 codicibus
1059 2119 1152 2190 sopis-

58 2231 138 2266 snrue
156 2211 242 2266 scribi
261 2212 387 2264 ricomer
405 2220 432 2267 et
443 2219 538 2266 cotors
556 2211 697 2276 similiter,
716 2209 819 2275 sciunt,
838 2211 885 2280 qui
904 2211 965 2266 beo
978 2213 1151 2278 trsctsruut)

61 2307 170 2358 loctssn
188 2311 215 2358 st
233 2305 363 2358 dicontur
381 2304 471 2376 (quod
490 2304 518 2358 io
538 2305 630 2357 ultore
650 2309 849 2374 optimorum,
889 2304 964 2359 ilud.
987 2305 1023 2370 1,
1047 2309 1076 2358 et
1095 2319 1151 2358 uso

58 2399 161 2450 ssltesn
182 2403 316 2466 pretereo
334 2394 498 2462 scribitur),
517 2395 617 2449 deinde
636 2397 774 2448 ducrsntnr
791 2395 877 2466 (qnod
897 2395 925 2450 ln
944 2395 1025 2468 regio
1044 2403 1073 2452 et
1089 2397 1152 2450 lero

59 2487 162 2542 ceteris
180 2497 224 2554 stc
243 2488 271 2542 iu
290 2489 365 2546 liud.
382 2507 401 2542 ιι
419 2502 506 2560 soors
524 2487 687 2553 scribitur);
707 2487 800 2543 editur
818 2489 989 2556 edocentur,
1008 2491 1097 2544 uerbo
1116 2491 1150 2543 sd

59 2599 118 2634 rem
138 2577 264 2634 minume
281 2589 364 2653 optor
384 2597 454 2635 oers
471 2596 524 2634 uos
542 2579 569 2632 in
589 2579 698 2634 dnobus
717 2579 788 2634 Oss.
805 2586 834 2635 et
849 2581 972 2636 lortssse
989 2583 1055 2638 slils
1073 2579 1152 2636 lclicl

59 2670 223 2726 coniectore
245 2673 375 2728 restitute
392 2680 426 2727 ιι
482 2675 513 2726 Ιιι
533 2673 598 2736 boc,
617 2689 701 2742 quern
722 2679 896 2740 trectsruus,
932 2677 995 2730 loco
1022 2675 1152 2730 odesdor

59 2763 190 2820 nonnihil
209 2765 237 2818 iu
257 2767 394 2836 temporis
419 2763 627 2838 significatione
646 2765 744 2832 (quid,
780 2782 859 2840 quom
879 2768 969 2833 fictus
988 2767 1106 2832 sabulos
1123 2775 1153 2821 et

58 2859 142 2932 qnid,
162 2873 240 2931 qrsons
258 2859 416 2925 eorunm),
447 2875 513 2912 nuru
533 2872 623 2927 neque
641 2874 693 2927 per
710 2873 740 2909 se
759 2859 827 2928 spis
845 2857 976 2925 uidetur,
1016 2859 1149 2931 quonism

59 2961 125 3005 onte
146 2967 200 3003 uon
221 2965 255 3003 eu
273 2950 367 3004 forms
386 2950 485 3004 Cicero
504 2965 569 3003 usus
589 2953 649 3015 est,
671 2955 719 3016 ut,
739 2968 823 3020 quom
842 2951 898 3005 boc
915 2951 964 3004 uel
982 2949 1055 3003 illud
1072 2949 1151 3002 lecc-

58 3059 163 3106 reusns,
181 3048 241 3094 tuns
261 3041 369 3113 nliqnid
389 3042 519 3112 intellegi
538 3043 656 3106 diceret,
674 3049 703 3098 et
720 3041 862 3114 seqnitnrs
881 3042 957 3118 quid,
974 3041 1047 3110 quod
1063 3039 1151 3092 lsonrs'-

58 3155 104 3190 ses
122 3135 177 3190 stc.
199 3135 419 3205 1Νοιιιιοιιιιιιοιι
437 3143 550 3187 mutere
567 3136 667 3188 sudeo.

124 3225 170 3282 ⁵2
209 3226 396 3294 delectentur)
416 3227 438 3279 Ε
457 3226 602 3280 codicibus
619 3225 809 3281 deterioribus
827 3227 926 3294 (oss.)
947 3232 976 3280 et
993 3226 1038 3278 sd.
1058 3224 1151 3294 oritus

58 3317 221 3380 llic-torius,
240 3319 334 3384 blan,
354 3321 492 3373 Gruterus
511 3317 696 3388 prosumique
714 3319 884 3373 delectentur
901 3325 1002 3374 contre
1019 3319 1152 3389 regulum
1262 3357 1264 3362 -

60 3409 209 3468 sermonis.
238 3409 437 3476 lodicstiuour‚
455 3428 537 3481 quern
557 3428 591 3465 ex
609 3413 635 3465 ll
653 3419 753 3467 ceteros
771 3413 833 3466 odd.
854 3419 922 3466 uett.
945 3411 1089 3466 etbbluus
1107 3419 1150 3466 te·

58 3511 199 3569 nosnot,
218 3503 364 3557 nuornuit
381 3503 469 3558 (isius
488 3521 504 3556 o
522 3501 612 3558 tribns
630 3503 688 3558 suis
708 3505 800 3569 rost,
815 3521 885 3576 quos
903 3505 1036 3561 meliores
1054 3506 1151 3570 luisse,

57 3615 129 3652 nuuc
153 3613 186 3650 es
206 3596 267 3649 Erl.
291 3596 418 3666 udpsret.
471 3596 575 3651 Psollo
600 3606 667 3650 ente
685 3595 712 3650 in
732 3597 819 3650 uerbo
835 3599 976 3667 gesserint
995 3594 1151 3652 coniuncti-

59 3707 107 3744 uos
127 3689 230 3744 nodus
251 3705 305 3741 nou
323 3689 391 3744 setis
410 3705 513 3743 coesse
531 3689 640 3743 bebere
658 3687 748 3743 uideri
767 3689 869 3760 possitr
894 3692 944 3744 sed
962 3697 1076 3750 uenture
1095 3703 1150 3742 non

58 3784 168 3846 sodeor
185 3779 415 3854 nicociensem,
435 3799 520 3851 quoru
535 3781 794 3854 commonentur,
812 3783 956 3852 queritur,
968 3781 1029 3851 quie
1039 3778 1151 3844 lecerit,

58 3874 116 3928 lleri
136 3877 239 3944 potest,
257 3875 290 3926 ιιι
301 3872 512 3945 interrogation
526 3875 670 3930 sententie
687 3873 978 3930 formutrsnslstsslt
996 3875 1031 3926 sd
1050 3873 1150 3926 relsli·

57 3985 121 4022 usus
152 3967 181 4021 is
206 3963 321 4020 uotiose
348 3966 503 4037 presertim
534 3974 593 4022 totu
627 3967 738 4023 iuloits
763 3967 860 4042 (quid).
920 3967 989 4036 Qure
1014 3971 1150 4020 secuntur

57 4077 233 4135 musaeque
251 4058 324 4124 dre,
350 4076 405 4114 nou
425 4059 560 4113 uidentur
577 4060 718 4131 superiori
738 4058 953 4129 interrogationi
977 4075 1035 4112 uno
1053 4065 1151 4111 tunore

57 4153 227 4218 continuari,
245 4153 294 4206 red
314 4151 529 4223 interrogation
549 4151 741 4206 edllrusstioni
761 4159 839 4205 rectu
857 4149 1020 4205 sdflrmstio
1039 4148 1074 4202 de
1092 4148 1151 4204 ullo

58 4261 162 4314 genere
180 4243 323 4314 (senibus)
340 4243 458 4318 adiungi
477 4242 639 4319 copuletios
657 4243 818 4324 particule,
838 4244 874 4298 sd
893 4249 1020 4299 uestrum
1038 4258 1149 4307 sessum
