2788 4886
691 277 945 348 l‘RAEFA'l'IO.

357 670 377 752 §
401 671 430 734 1.
473 667 510 734 Si
533 667 586 730 oui
607 665 670 730 hoc
691 671 803 753 negoti
823 668 934 733 datum
956 669 1000 732 sit
1017 667 1137 745 iudici,
1161 676 1216 744 ut,
1252 685 1323 751 quo

269 776 345 864 quid
367 774 544 863 aliquando
575 771 617 839 ab
656 772 768 860 aliquo
797 757 1009 854 dictum'sit,
1056 771 1152 838 multi
1180 795 1247 838 non
1281 797 1324 839 aa

270 895 457 948 constanter
481 893 626 960 narrent,
647 883 801 968 reperiat,
824 881 901 966 quid
923 883 957 945 in
981 902 1021 944 eu
1044 902 1080 944 re
1105 901 1219 944 nerum
1244 883 1302 960 sit,

267 993 296 1054 si
320 989 463 1076 prudens
483 989 545 1068 sit,
590 1008 655 1051 non
687 985 795 1051 solum
827 987 889 1052 hoc
920 999 1045 1072 spectet
1074 988 1107 1050 in
1139 987 1327 1052 testibusa

268 1097 415 1175 diendiu,
460 1116 557 1182 quarn
582 1096 719 1182 quisque
736 1116 797 1179 per
827 1116 864 1158 se
895 1095 967 1179 ipse
990 1091 1067 1157 fidei
1091 1097 1281 1175 opinionem
1308 1119 1327 1158 a

268 1205 364 1282 ferat,
385 1203 442 1267 sed
467 1213 543 1265 unte
568 1202 763 1287 omniaque
795 1201 910 1265 „ndum
935 1198 997 1264 sibi
1021 1211 1135 1285 putet,
1156 1204 1230 1286 quis
1253 1224 1272 1264 a
1297 1225 1319 1286 q

270 1311 432 1389 audierit,
474 1320 511 1371 ut
533 1308 580 1371 sic
603 1327 755 1394 magnam
781 1320 814 1372 et
844 1307 1042 1371 inconditum
1064 1307 1196 1370 testium
1228 1303 1327 1369 turba

268 1419 308 1482 ad
335 1437 456 1503 paucos
480 1427 513 1479 et
535 1426 643 1478 certos
664 1415 811 1502 redigat,
855 1437 876 1478 a
904 1411 1021 1500 quibus
1048 1413 1146 1476 ceteri
1169 1433 1240 1474 rem
1263 1432 1326 1474 acc

265 1527 393 1610 perint;
435 1543 532 1610 quom
555 1533 665 1586 autem
686 1543 744 1587 eos
764 1522 948 1600 intonuerit,
994 1532 1028 1584 et
1047 1517 1125 1584 illos
1149 1516 1274 1582 alteros
1302 1539 1325 1580 n

266 1631 399 1718 glegat,
442 1643 474 1693 et
500 1627 560 1692 bos
591 1629 684 1715 qnasi
722 1627 820 1714 primi
849 1627 974 1692 ordinis
1005 1627 1099 1691 tertis
1129 1627 1177 1689 sic
1201 1646 1327 1708 conpar

266 1735 524 1823 contendatque,
570 1749 625 1815 ut,
648 1747 802 1821 quantum
824 1735 962 1820 quisque
983 1733 1188 1820 sequentium
1209 1730 1324 1794 nudtit

131 1875 137 1890 ·
264 1845 373 1908 dinem
394 1841 513 1920 trabat,
535 1841 619 1906 nihil
642 1843 682 1906 ad
706 1864 776 1907 reru
796 1843 962 1925 pertinere
986 1839 1121 1905 iudicet.
1168 1837 1240 1903 Nec
1262 1838 1325 1903 alit

264 1952 364 2016 laciet
388 1952 513 2037 peritur
535 1949 659 2028 iudex,
700 1971 797 2035 quom
820 1971 864 2014 ex
889 1947 1002 2014 multis
1031 1945 1216 2012 tabularum
1242 1968 1327 2011 exer

264 2057 328 2146 plis
350 2069 531 2143 quaretur,
561 2055 637 2141 quid
661 2058 695 2120 iu
718 2079 784 2124 uno
804 2057 914 2144 aliquo
940 2067 1154 2132 testamento,
1180 2053 1265 2140 quod
1291 2075 1327 2118 nt

264 2153 413 2244 extabit,
459 2165 616 2248 scriptum
639 2163 757 2242 luerit,
779 2165 843 2228 nisi
865 2164 970 2249 quod,
1013 2184 1084 2247 qure
1109 2159 1180 2224 illic
1203 2160 1243 2223 de
1268 2160 1327 2224 lan

263 2284 444 2359 peruagata
473 2269 641 2334 hominum
669 2269 877 2334 confessione
906 2267 1176 2352 reperiebantur,
1227 2263 1281 2328 bic
1319 2289 1327 2330 t

262 2381 424 2464 scriptura
455 2379 638 2462 propagata
674 2373 804 2460 iudiciis
846 2373 1119 2459 deprehendenda
1158 2383 1235 2434 suot
1275 2385 1326 2442 tar

262 2487 316 2548 tis.
363 2483 416 2548 Ab
440 2481 501 2546 bac
521 2482 701 2568 quaertione
723 2482 878 2544 uniuerso
902 2501 1025 2567 genere
1046 2501 1111 2544 non
1125 2478 1247 2544 distare
1269 2502 1326 2546 ear

263 2611 358 2677 quam
382 2586 544 2675 philologi
566 2590 600 2651 iu
631 2599 781 2653 ueterum
811 2609 947 2674 operum
979 2585 1147 2652 codicibus
1178 2610 1326 2656 manuscr

262 2698 328 2784 ptis
349 2697 536 2775 instituunt,
559 2715 619 2758 uec
643 2692 740 2758 aliter
764 2715 837 2758 esre
859 2695 1080 2776 tractandam,
1104 2717 1168 2760 nou
1190 2698 1236 2760 ita
1258 2698 1326 2764 mul

263 2815 339 2867 suot
362 2804 461 2883 anni,
508 2822 606 2888 quom
634 2799 839 2866 intellectum
862 2813 912 2880 st,
957 2822 1063 2888 neque
1094 2805 1282 2868 etiamnunc
1315 2829 1326 2869 r

182 2937 188 2948 ·
264 2908 416 2974 omnibus
440 2907 592 2994 intellegi
616 2907 755 2973 uidetur.
796 2905 887 2988 Nos,
912 2923 1086 2996 antequam
1110 2912 1157 2974 ita
1179 2911 1272 2973 testis
1299 2936 1326 3000 g<

262 3018 400 3081 neratim
419 3017 620 3102 distinguere
636 3027 669 3080 et
684 3035 838 3100 separare
853 3014 1081 3102 adgredimur,
1126 3017 1272 3082 dicemus
1291 3044 1326 3106 pr

264 3145 364 3202 ruum,
389 3125 443 3210 qui
467 3125 600 3188 omnino
623 3123 725 3186 auditi
751 3122 828 3201 sint,
850 3143 1140 3210 exponemnuque‚
1164 3126 1219 3212 qui
1240 3147 1259 3189 a
1283 3150 1326 3214 qu

263 3229 325 3294 bus
349 3244 382 3292 et
407 3229 569 3315 quomodo
590 3229 718 3294 codices
741 3225 880 3293 adhibiti
908 3230 955 3293 ita
984 3232 1069 3310 rint,
1113 3242 1149 3294 nt
1173 3253 1216 3296 ex
1239 3255 1326 3320 perp<

263 3338 379 3400 tuitate
403 3337 562 3422 quiedam,
605 3337 756 3423 quamuis
778 3337 922 3400 minume
943 3336 1060 3421 plene,
1101 3353 1322 3423 cognoscantur

262 3462 327 3506 non
352 3463 419 3506 uuo
439 3441 671 3507 alterouelooo
692 3454 873 3507 occurrant.
911 3441 996 3508 Num
1020 3443 1080 3508 hos
1093 3441 1232 3522 Munati,
1251 3444 1325 3512 Lan

263 3546 353 3628 bini,
398 3547 538 3614 aliorum
572 3548 677 3615 libror
707 3549 910 3615 commodius
937 3551 971 3614 in
998 3551 1212 3636 posteriorem
1241 3549 1325 3620 locut

262 3656 489 3736 reiciemos¹).

260 3877 489 3888 *ι-ι--ι-ι.

285 4023 314 4096 ¹)
333 4029 368 4082 ln
394 4029 467 4083 loris
495 4027 645 4083 Ciceronis
671 4027 868 4093 ascribendis,
903 4046 941 4083 nc
972 4047 1156 4084 numerorum
1182 4037 1255 4096 notre
1287 4031 1325 4086 sin

330 4135 430 4173 caussa
448 4121 696 4196 multiplicentur,
721 4122 830 4196 ubique
848 4120 991 4176 minorum
1013 4129 1122 4176 tantum
1139 4123 1325 4206 particularun

331 4227 401 4283 rpraa
422 4215 615 4289 paragraphos
633 4214 819 4288 appellamus,
837 4231 971 4270 numeror
989 4233 1083 4288 pono,
1101 4215 1158 4274 uiri
1178 4217 1202 4272 ri
1220 4233 1272 4290 qna
1290 4215 1324 4268 eir
