2726 4884
294 319 351 386 ΕΤ
374 321 484 388 MAL.
506 321 591 387 ΗΒ.
614 323 662 390 lV
686 325 782 392 CAP.
804 329 855 390 tt.
1055 327 1114 390 ont

37 522 191 580 uiniscant
212 515 364 581 Platonis
388 517 457 597 illi,
506 531 538 584 et
561 520 715 606 deinceps
737 521 792 606 qui
815 540 927 583 eoram
951 520 1115 583 auditores

34 625 173 703 inerant,
220 634 255 684 et
290 634 394 686 tecum
424 626 469 688 ita
493 623 690 712 loquantur!
735 623 823 690 ”Nos
846 647 942 711 quom
968 637 1021 703 te,
1067 623 1113 689 M.

34 729 124 806 Coto,
159 727 450 792 studiosissnmnm
472 730 719 817 philosophiae,
747 733 970 796 iustissurnurn
994 734 1113 806 uirum,

34 849 189 920 optumam
208 831 373 913 iudicem,
419 835 716 924 religiosissumum
741 849 878 916 testem,
916 833 1113 912 audiremus,

33 941 170 1003 admirati
193 945 322 1018 sumus,
344 941 420 1025 qaid
443 955 541 1020 esset,
567 965 624 1008 our
648 941 745 1008 nobis
769 944 898 1008 Stoicos
920 943 1113 1019 anteferres,

34 1049 79 1130 qni
99 1045 137 1108 de
156 1043 262 1108 relrns
286 1043 381 1108 bonis
411 1059 443 1110 et
466 1047 561 1112 malis
592 1025 751 1114 sentirent
770 1071 828 1128 es,
872 1069 955 1136 qtrae
987 1047 1113 1112 abhoc

35 1149 196 1213 Polemone
232 1149 328 1215 Zeno
366 1167 585 1239 cognouerat,
630 1155 818 1221 nominibus
850 1167 1020 1218 uterentur
1059 1155 1111 1230 iis,

36 1277 104 1339 quae
125 1257 229 1342 prims
254 1259 367 1342 speeie
397 1259 667 1341 admirationem,
714 1283 750 1326 re
773 1259 964 1347 explicata,
1008 1262 1109 1323 risum

35 1377 198 1426 mouerent.
244 1361 300 1426 'l'u
320 1377 450 1442 autem,
484 1368 513 1430 si
535 1366 595 1430 tibi
615 1365 675 1432 illo
698 1365 941 1455 probabantur,
964 1389 1021 1430 eur
1045 1387 1109 1428 non

38 1471 158 1551 propriis
180 1467 295 1534 uerlris
319 1469 380 1534 illa
403 1471 559 1536 tenebasi
593 1476 643 1538 sin
667 1486 698 1537 te
724 1475 901 1538 auotoritas
918 1493 1111 1536 ,contr-none·

37 1567 96 1650 lat,
126 1574 265 1638 nobisne
293 1575 444 1641 omnibus
469 1592 503 1643 et
526 1578 656 1644 Platoni
680 1583 743 1665 ipsi
766 1582 875 1643 neseio
898 1601 992 1664 quem
1016 1577 1110 1642 illuru

38 1679 263 1762 anteponebasl
312 1685 505 1766 praesertim
539 1707 635 1770 quoru
666 1687 701 1747 in
734 1706 769 1748 re
800 1683 929 1770 publiea
959 1686 1110 1768 princeps

40 1801 95 1846 esse
114 1785 237 1878 uelles,
277 1785 316 1849 ad
340 1809 477 1874 eamque
502 1791 654 1854 tuendam
679 1811 750 1882 cnm
774 1811 900 1856 surnrua
925 1801 979 1851 tua
1001 1789 1107 1874 digui-

80 2023 109 2068 ii.
123 2025 232 2080 Platonis)
249 2025 384 2070 Platonici
397 2025 481 2071 urolt
508 2027 557 2083 qai)
571 2027 613 2072 iili
626 2030 670 2086 pai
683 2028 705 2072 lt
731 2025 917 2079 admirationem)
934 2027 960 2068 in
976 2027 1053 2068 nsims'
1068 2037 1107 2068 ro-

42 2097 143 2142 rtssnsli
169 2102 341 2160 probabantur)
352 2100 493 2158 protomar
507 2102 571 2147 nott
598 2104 714 2158 sin)ei1.
741 2104 848 2159 eamque)
863 2099 1000 2146 condemn

92 2307 130 2363 iil.
162 2309 294 2366 Platonis
312 2313 357 2364 ilii
377 2339 408 2352 ·-
429 2329 521 2367 soram
538 2315 691 2382 ossditores)
715 2312 880 2369 Necessario
909 2317 1034 2364 extrema
1053 2325 1107 2360 tros

43 2395 68 2446 ti
83 2399 193 2465 priorem
212 2405 302 2458 etism
321 2403 480 2474 genitiooas
500 2405 640 2474 pertinet,
669 2415 701 2462 ut
718 2404 850 2460 continua
867 2402 1005 2458 successio
1025 2400 1107 2452 audi·

43 2493 113 2544 iorum
129 2494 387 2565 significaretur.
414 2495 464 2565 §d
489 2496 585 2565 init.);
625 2499 753 2552 Platonis
772 2497 860 2552 etism
881 2492 955 2566 Spir.
975 2500 1001 2546 et
1019 2493 1106 2544 ‹eouex

43 2578 63 2628 i·
75 2581 114 2634 i'r.
130 2585 277 2651 Groaoaie
312 2587 436 2643 restituit
454 2587 548 2643 (isias.
605 2591 766 2643 Platonicos
785 2592 856 2658 (quo
876 2585 989 2641 nomine
1007 2585 1106 2638 Cicero

43 2673 132 2727 susino
148 2695 200 2732 aon
224 2678 331 2747 utitur)
350 2695 404 2732 aon
431 2678 522 2751 magis
544 2681 649 2751 primos
670 2682 813 2737 auditores
839 2697 922 2750 qaam
949 2681 1106 2747 postremos

45 2765 198 2830 appellandos
217 2771 326 2836 inisse,
362 2771 419 2824 ism
438 2769 570 2826 lisuisius
589 2771 708 2828 niderst.
770 2773 878 2826 Deinde
903 2771 1050 2842 linguntur
1076 2769 1107 2820 iri

44 2848 82 2918 ipsi
96 2855 210 2916 Platonis
228 2861 341 2916 siunai
361 2863 497 2916 catonem
524 2865 622 2932 paullo
637 2853 716 2918 ¹snio
740 2865 929 2934 disputantem
948 2862 1059 2916 audisse
1079 2869 1106 2912 et

44 2945 87 2996 ¹⁰²¹!
101 2949 187 3006 uirsii
203 2971 286 3021 esse,
310 2971 361 3009 cnr
379 2954 424 3010 uir
442 2954 502 3008 illis
520 2957 556 3010 ad
576 2973 703 3012 canuam
723 2957 797 3010 iuste
815 2955 1026 3025 disceptandam
1047 2951 1105 3003 uir·

44 3034 126 3094 tauta
144 3042 295 3102 iasiraetas
312 3045 422 3102 Stoicos
439 3047 596 3117 proferret.
632 3050 726 3119 Uulgo
744 3048 787 3103 sie
803 3046 1019 3117 iaterpaagant,
1040 3060 1104 3098 ors·

45 3123 124 3184 tionem
140 3144 198 3203 post
214 3145 312 3192 uatem
330 3155 384 3192 noa
401 3134 566 3204 incidentes,
587 3145 732 3209 tamquam
752 3138 853 3193 utine
871 3140 1000 3192 diosturc
1020 3135 1103 3188 otsdio

47 3221 65 3266 te
78 3222 151 3278 sirsss
166 3235 315 3297 optumam.
335 3229 438 3284 omisso
456 3246 525 3282 esse.
549 3231 587 3284 ltt
608 3230 692 3300 ande,
712 3229 764 3283 nisi
783 3246 816 3282 es
833 3230 889 3282 irae
908 3227 1103 3299 ipsodisputa·

45 3305 109 3378 lione,
123 3329 240 3386 amseat,
257 3323 343 3377 ilium
360 3321 471 3376 Stoicos
486 3319 541 3376 sliri
560 3319 728 3377 anteferre?
748 3321 901 3382 Admonuit
918 3337 963 3372 me
986 3321 1103 3372 Wesen-

46 3395 142 3471 bergine
171 3412 275 3468 Psalle
294 3420 356 3484 posi
374 3415 469 3484 plures
488 3413 541 3468 (izi
558 3412 668 3468 codices
686 3413 832 3468 hebetent
849 3413 934 3466 animi
951 3413 1103 3476 rationetur

46 3503 96 3560 “n
112 3495 136 3551 is
152 3505 306 3577 archetypo
326 3504 382 3560 init
399 3505 621 3560 ammirationem.

95 3589 176 3648 titili
190 3598 240 3652 ilia
256 3597 457 3666 probabantur)
472 3593 520 3652 stc
539 3599 615 3652 Crat.
639 3601 667 3652 ei
685 3597 817 3668 deinceps
836 3615 943 3664 omnes,
964 3599 1102 3651 Gruterus

46 3677 66 3722 ti
78 3675 189 3742 Denisius
208 3689 297 3753 lariti,
315 3689 483 3761 flagitatque
501 3693 575 3745 hene
593 3690 764 3761 scripturam
784 3699 812 3746 et
830 3692 901 3761 qaod
930 3684 1101 3742 eontrarium

47 3767 132 3826 millu?
147 3778 340 3846 ieosmoocdot)
360 3790 390 3836 ct
408 3789 467 3837 tols
482 3800 536 3848 res,
555 3783 689 3854 quonism
709 3783 799 3838 omnis
818 3785 909 3840 oratio
927 3783 960 3834 ad
982 3781 1008 3832 id
1028 3781 1100 3830 tcm-

46 3866 83 3916 ΡΜ
97 3865 224 3937 reiectat,
246 3893 300 3945 quo
320 3875 392 3928 (isto
410 3873 536 3930 Stoicam
556 3875 736 3948 disciplinam
755 3875 876 3947 elegerit
894 3874 974 3943 cique
993 3887 1022 3922 se
1039 3875 1100 3921 tra-

47 3941 135 4046 iilerit.
183 3965 297 4022 Ueteres
315 3965 453 4021 editiones
474 3966 639 4035 codicesque
656 3967 726 4022 un.
747 3976 791 4032 et,
816 3967 840 4020 si
858 3964 998 4020 credimus
1018 3959 1100 4022 Gaio,

48 4049 189 4108 aesomnes
206 4061 372 4126 probantur,
409 4059 444 4114 de
462 4074 516 4126 quo
536 4060 637 4115 mendo
663 4059 720 4111 disi
747 4059 782 4111 sd
809 4057 884 4125 556.
939 4053 1030 4121 (Fieri
1051 4069 1100 4121 po·

50 4129 157 4280 :mli
186 4149 253 4206 asilii
279 4169 334 4208 aon
372 4153 449 4206 reric
476 4151 511 4203 de
543 4151 602 4206 Eri.
632 4151 771 4215 silealar3
808 4147 860 4202 etsi
887 4147 947 4218 quis
977 4145 1099 4200 conlidat

68 4231 134 4295 sta)
