2728 4878
331 175 366 230 Ι

333 279 392 345 ΕΤ
415 279 525 346 Mau.
547 279 631 346 Lm.
655 279 671 344 l
693 281 790 346 CAP.
813 287 863 346 1⁰.
1103 285 1144 346 71

72 479 180 564 ipsura,
209 475 285 559 qaia
310 474 490 555 doluerit,
514 489 620 556 amet,
647 489 869 553 consectetur,
892 475 1029 560 adipisci
1054 473 1146 553 uelit,

71 583 118 646 scd
137 581 208 666 quia
230 599 476 667 nonnumquam
497 582 660 648 eiusmodi
685 596 832 668 tempora
856 581 1012 658 incidunt,
1038 595 1074 644 ut
1096 579 1145 644 lu-

71 687 136 752 bore
154 700 185 750 et
206 685 323 751 dolore
344 709 497 775 magnam
521 689 665 776 aliquam
684 703 819 776 quaerat
840 687 1053 774 uoluptatem.
1103 686 1146 752 Ut

72 795 144 858 eoin
172 793 212 856 ad
245 795 392 858 minuma
413 797 563 873 ueniam,
608 799 681 883 quis
703 804 851 861 nostrum
874 795 1145 858 exercitationem

72 898 156 964 uliam
174 902 320 984 corporis
341 903 479 988 suscipit
501 900 722 981 laboriosam,
745 903 808 967 uisi
831 913 868 964 ut
889 900 1011 987 aliquid
1037 921 1082 964 cx
1105 921 1146 964 ea

72 1005 212 1070 commodi
245 1007 487 1092 consequatur!
533 1010 605 1094 quia
629 1021 738 1072 autem
764 1007 818 1072 uel
842 1030 916 1072 curu
940 1009 1012 1072 iura
1033 1027 1145 1090 repre·

73 1111 221 1189 henderit,
245 1112 355 1196 quiin
377 1135 416 1176 ea
439 1111 609 1200 uoluptate
635 1113 717 1178 uelit
739 1135 823 1192 esee,
846 1135 943 1201 quam
968 1113 1051 1178 nihil
1077 1135 1145 1178 mo·

73 1217 171 1280 lectiae
190 1231 428 1304 consequatur,
456 1216 511 1282 ncl
532 1218 646 1298 illum,
681 1221 735 1306 qui
757 1220 903 1286 dolorem
928 1243 1001 1285 eum
1028 1221 1145 1307 fugiat,

73 1345 125 1408 qno
144 1321 290 1404 uoluptas
311 1321 402 1387 uuila
423 1325 592 1410 pariatur?
632 1327 685 1390 33.
706 1325 752 1391 At
775 1350 853 1392 uero
873 1350 931 1392 cos
956 1340 989 1391 et
1014 1347 1144 1392 accusa·

73 1451 132 1492 urna
156 1441 186 1491 et
211 1430 299 1492 iusto
331 1430 406 1493 odio
435 1431 665 1516 diguisaunros
686 1432 855 1514 ducimus,
899 1438 954 1522 qui
977 1433 1145 1498 blanditiis

73 1537 269 1620 praesentium
291 1534 494 1622 uoluptatum
519 1537 652 1601 deleniti
675 1551 773 1626 atquc
796 1543 960 1627 corrupti,
984 1563 1065 1628 qnos
1087 1541 1144 1603 do-

73 1641 143 1705 lores
163 1639 193 1706 et'
214 1663 294 1728 quas
319 1640 487 1707 molestias
513 1647 685 1729 excepturi
708 1648 793 1726 siut,
832 1652 995 1713 occaecati
1018 1648 1143 1733 cupidi·
1173 1637 1180 1654 '

74 1761 128 1812 tate
149 1771 206 1812 non
228 1747 422 1834 prouideut,
466 1749 631 1836 similique
654 1765 729 1815 suut
752 1757 784 1817 iu
808 1753 925 1839 culpa,
954 1757 1010 1841 qni
1035 1751 1142 1817 officia

116 1939 220 1985 bdcrcet
234 1940 324 1993 dolore)
338 1941 521 1988 dedentio-B
572 1946 682 2000 minume)
697 1949 853 1994 mr'utraemc
905 1947 1065 2005 quiunquam
1082 1944 1141 1989 r'uE

72 2017 185 2070 etune)
198 2031 251 2062 care
266 2016 365 2062 aeittla
397 2020 474 2074 quana)
489 2021 568 2076 ,rao
628 2023 664 2068 8³.
678 2025 717 2078 At)
735 2026 844 2078 Arquoc
873 2021 1057 2077 oraretur->per
1072 2021 1141 2063 ttae·

72 2095 165 2140 mre!
190 2093 310 2154 emptori
324 2093 381 2147 aiut)
395 2106 450 2138 aec.
464 2097 556 2140 aaut)

72 2277 114 2312 uro
130 2261 238 2330 inpetu,
276 2278 331 2314 non
350 2266 466 2314 temero.
496 2261 574 2314 Maio
595 2261 682 2316 Gaius
700 2263 852 2334 probauit,
882 2265 951 2322 ouo
967 2264 1142 2329 secutusfcat

72 2356 183 2406 neudum
202 2355 264 2408 cod.
285 2351 440 2423 spire-air:
459 2359 541 2409 recte.
577 2355 656 2427 Saepe
675 2357 778 2412 horum
795 2357 962 2430 compendio
980 2360 1141 2428 permutata

71 2454 139 2513 anat3
170 2447 220 2500 cir.
239 2447 344 2517 opusc.
364 2462 430 2499 mea
448 2449 532 2502 dead.
553 2467 581 2518 p.
599 2447 659 2506 832.
711 2450 773 2521 ipsc
792 2470 847 2506 uon
867 2459 944 2506 racto
962 2451 1070 2504 ratione
1089 2465 1139 2518 pro

73 2545 129 2590 recte
146 2537 221 2610 potui
238 2537 269 2592 iu
286 2545 359 2592 orat.
380 2557 430 2611 pro
450 2540 535 2595 Rure.
554 2541 617 2596 Am.
635 2539 695 2599 138.
732 2543 774 2596 dd
796 2545 853 2599 Au.
877 2545 947 2610 xit,
985 2545 1036 2607 di,
1056 2541 1075 2596 8
1092 2559 1138 2594 ra-

71 2631 127 2682 tione
138 2631 233 2696 secana·
248 2631 350 2702 paullo
369 2631 535 2686 ioroicntiua
554 2630 713 2701 punitorio
732 2636 811 2690 iacto
831 2636 1041 2708 conprobaudo.

126 2742 201 2796 quere
220 2725 289 2775 uidit
308 2721 373 2790 dic.)
404 2741 473 2795 prro,
510 2726 585 2794 qnod
612 2727 672 2778 scre
696 2727 837 2782 edebatur
865 2736 932 2784 ante
957 2727 1139 2790 tantinum,

74 2817 194 2872 Grutcrua
212 2823 302 2886 negat
326 2814 353 2870 in
384 2817 444 2870 uilo
463 2817 526 2870 Pai.
555 2835 631 2884 cate,
666 2818 755 2873 Gaius
781 2817 810 2874 io
835 2821 893 2875 auis
912 2827 1013 2893 prater
1031 2821 1091 2874 Eri.
1112 2826 1140 2872 et

72 2909 201 2979 spinam
218 2908 305 2974 ticin
342 2905 474 2964 niuniu·
499 2909 609 2979 (qaum)
630 2917 723 2978 tacet,
759 2913 828 2966 On.
847 2918 896 2985 Bp
914 2930 984 2986 que,
1019 2913 1045 2965 U
1065 2911 1139 2982 quio.

74 3001 168 3056 i'rrutra
182 2999 358 3057 deteriorum
376 3001 547 3071 scripturam
567 3003 693 3059 defendit
709 3004 899 3075 Wopkcusiut
917 3025 943 3077 p.
963 3007 997 3070 ⁴3
1015 3001 1138 3074 primurn

74 3111 113 3146 rm
131 3104 217 3164 puteat
236 3094 276 3149 aic
295 3094 427 3146 absoluto
447 3093 501 3146 dici
519 3097 665 3167 consequi,
696 3102 729 3150 ut
747 3115 799 3166 pro
816 3097 981 3150 accusation
1000 3113 1050 3166 por
1068 3111 1138 3164 pra-

73 3184 211 3252 poritioneur
228 3187 257 3240 in
276 3185 452 3256 adiungatur
472 3203 517 3238 res
537 3189 695 3256 procedam
711 3190 753 3255 (io
772 3190 825 3241 duc
842 3190 987 3258 uoluptate
1003 3187 1073 3240 uidit
1081 3205 1137 3238 mo-

73 3277 140 3332 iutie
153 3281 360 3352 conrequitur);
399 3295 465 3333 nam
486 3276 571 3333 aliter
589 3280 675 3350 louge
694 3279 813 3336 diciturr
834 3283 862 3334 ia
879 3283 932 3334 due
950 3299 979 3334 re
997 3281 1137 3354 conrequi-

73 3375 106 3419 trr
119 3371 240 3439 (accidit)
257 3373 414 3424 obscuratio
432 3372 491 3436 (W,
510 3369 577 3438 29„
598 3370 709 3439 deindo,
727 3373 802 3445 quod
822 3373 951 3428 Hnndiua
971 3374 1020 3442 (ad
1035 3374 1136 3444 Wopk.

73 3461 130 3529 ic.)
146 3463 358 3528 amrueducrtit,
394 3463 443 3516 aod
465 3463 550 3518 uuiue
575 3466 701 3524 mendosi
728 3465 784 3520 ioci
810 3464 968 3522 testimonio
988 3467 1036 3533 (ed
1057 3467 1136 3520 Fam.

72 3553 105 3614 tt,
122 3557 164 3624 ii,
182 3559 214 3625 6)
232 3557 260 3610 in
280 3555 485 3610 dubitationem
507 3563 601 3622 uocat,
622 3575 777 3629 numquam
798 3557 897 3614 Cicero
916 3568 967 3614 aut
987 3557 1135 3631 quicquain

73 3644 141 3702 ianua
158 3650 278 3721 scriptor
297 3655 362 3704 noto
377 3646 531 3704 rciatiuanr
551 3649 773 3722 propositionem
796 3651 907 3718 omisit,
926 3670 987 3726 que
1003 3657 1069 3706 ante
1087 3652 1135 3704 dc-

72 3742 263 3798 uonrtratiuonr
296 3739 452 3806 adfuisset,
488 3739 540 3796 oiri
574 3741 648 3796 idcnr
682 3747 803 3800 ueritum
831 3745 988 3800 audiretur.
1042 3744 1135 3798 Multo

72 3829 144 3886 mua
158 3837 243 3890 ironia
265 3835 370 3889 dicitnr
388 3835 522 3904 consequi
541 3835 716 3904 modoetiam,
736 3845 768 3892 ut
784 3841 854 3892 uruit
872 3837 1051 3894 accusatione
1072 3834 1118 3888 sit.
1229 3894 1237 3904 ἱ

124 3925 161 3984 33.
195 3930 270 3982 iacto
304 3929 367 3980 odio
400 3927 600 3996 dignitatemr)
635 3931 697 3984 Non
732 3933 826 3986 serena
856 3930 968 4002 cupium
1001 3925 1136 3982 orationis

70 4019 209 4074 cuatuor
225 4021 293 4086 iiic,
328 4037 346 4074 a
371 4038 427 4090 qno
452 4019 509 4075 orti
532 4028 600 4075 aunt
625 4023 695 4083 011.
714 4025 771 4090 Εξ,
811 4043 897 4095 qnour
923 4035 1005 4077 nemo
1029 4017 1135 4074 inimic

70 4105 231 4181 odonam
250 4119 341 4178 anet,
378 4115 462 4170 auito
485 4115 548 4168 odio
569 4114 749 4172 scribendum
771 4117 903 4187 putauit,
935 4111 1088 4184 inciditque
1106 4112 1133 4166 in

70 4194 127 4338 :itu
144 4203 196 4260 Tic.
215 4208 378 4273 Bentleiur,
415 4208 496 4278 quari
520 4227 574 4264 uon
604 4213 690 4264 inuito
712 4209 784 4264 iliud
806 4227 883 4279 eque
903 4205 1014 4262 incitiu
1033 4225 1132 4279 auper-

79 4291 149 4350 atino.
