2720 4878
305 291 830 400 numennumen.
1053 305 1116 370 ιιι

46 487 225 578 philosopho
260 507 326 552 nen
356 486 676 572 reprehenderentur
697 513 737 556 ee
768 498 898 559 nornine
930 497 1114 579 dumtaxat,

46 607 137 660 eetera
164 591 345 658 eeuerenti
390 593 443 658 22.
469 594 535 658 Sed
566 609 676 662 tamen
710 619 819 664 nonne
849 603 1116 688 reprehenderes,

86 761 208 816 dnntexet)
224 761 283 804 dero
297 765 379 804 temen
393 757 413 803 lo

46 915 133 988 llirgil.
159 916 229 971 dee.
254 919 290 983 V,
322 914 385 969 778.
431 915 533 972 Simile
550 919 578 973 ei
595 921 671 990 apud
690 919 779 975 Cicer.
800 935 851 992 pro
872 923 949 978 Cael.
968 923 1019 979 792
1055 925 1115 981 Ne·

44 1009 83 1060 lite
97 1014 145 1061 ortt
160 1008 233 1062 leone
250 1035 287 1052 ·-
303 1009 375 1064 aelle
392 1011 529 1064 eoatoorioa
555 1013 683 1083 extingui
705 1013 818 1068 roeloere
841 1021 937 1068 oooetru
962 1033 1042 1090 ιῙιιιιιιι
1067 1037 1116 1074 ute

41 1102 102 1164 sote,
119 1107 168 1154 aut
185 1101 259 1155 deone
278 1132 313 1146 -
335 1101 427 1156 andita
444 1108 606 1172 tempestate
621 1111 790 1174 perooertere.
844 1107 900 1160 Sed
927 1109 1050 1163 alterurn
1071 1129 1116 1165 ee·

44 1199 160 1247 entnrnrn
179 1196 208 1246 et
227 1193 369 1247 oriturum
388 1211 420 1246 er
439 1193 566 1252 indicunt
583 1199 678 1264 laete,
697 1197 821 1252 alterum
842 1197 917 1270 ipseo
939 1200 1053 1267 lucere,
1078 1187 1129 1258 oi·'

45 1283 164 1352 geilloare
188 1281 299 1349 uoluit3
335 1283 522 1358 similiterque
540 1285 567 1343 in
596 1290 653 1344 Pie.
678 1275 714 1344 tto
743 1291 802 1358 (lex
828 1297 854 1343 et
881 1292 994 1346 decerni
1017 1301 1045 1347 et
1070 1314 1118 1348 ac·

45 1375 119 1444 ripere
133 1377 260 1440 uetabat)
287 1373 327 1428 eie
343 1367 455 1432 locutae
479 1383 536 1446 aei,
577 1400 613 1436 ne
632 1379 816 1454 prouincialio
844 1387 1015 1441 nominando
1038 1389 1117 1456 (pro-

45 1467 156 1521 oioclelo'e
177 1467 337 1534 decernere)
356 1483 373 1522 n
393 1469 502 1526 Pisonie
521 1473 629 1546 scelere
648 1471 849 1546 cogitationem
869 1476 1030 1538 altdnoerel.
1076 1480 1119 1533 lle

46 1558 124 1614 uerbie
139 1561 266 1614 ao'reerent
285 1585 315 1600 -
331 1561 771 1629 reprehenderentur-eaoereat
790 1566 831 1622 eie
846 1567 954 1639 puritia,
972 1575 1118 1642 tamqnam

47 1654 168 1721 precedat
186 1652 317 1717 odtioait,
336 1649 393 1710 nid.
411 1655 447 1707 nd
464 1661 514 1722 111,
532 1657 577 1713 67.

103 1763 132 1798 ee
148 1747 254 1798 nomine
275 1745 436 1812 decurtarat,
473 1755 565 1803 cetera
583 1753 723 1820 canerent)
749 1753 819 1805 llaee
836 1751 926 1806 uerba
945 1751 1010 1821 quid
1030 1748 1118 1824 rigni·

45 1834 135 1898 irent,
152 1838 303 1892 ultroneum
323 1855 378 1892 nee
401 1841 464 1904 erte
483 1838 553 1894 eilril
573 1840 647 1896 enirn
666 1841 763 1899 dionei
781 1841 879 1908 alind,
894 1843 949 1896 nisi
968 1844 1022 1898 hue
1041 1854 1119 1899 certo

45 1929 145 1982 nornine
161 1947 209 1982 eor
227 1947 282 1982 noo
301 1930 483 2000 reprehendi,
502 1936 598 1988 cetera
617 1935 984 2006 eutem‚qooereprel1eudl
1003 1936 1120 2008 pontini,

46 2037 140 2075 tenere.
194 2019 344 2076 Portionln·
369 2021 410 2077 eie
434 2022 529 2095 posite
557 2027 687 2096 exemplu
705 2024 832 2095 conlegit
848 2023 978 2078 Iloudiut
996 2024 1025 2077 in
1043 2027 1120 2079 Tur-

46 2113 130 2166 rellino
148 2115 174 2168 ll
192 2134 219 2186 p.
239 2113 308 2178 888,
345 2133 404 2185 quoe
423 2115 522 2188 augeri
539 2117 627 2170 laeile
646 2119 779 2187 petenen
807 2116 879 2180 (oid.
898 2117 934 2168 nd
954 2117 1033 2170 Fam.
1051 2116 1120 2184 Xll,

47 2211 69 2256 et
82 2207 156 2272 llll,
181 2205 233 2272 28,
251 2207 286 2258 de
304 2204 398 2261 llinio.
418 2207 462 2274 ΙΙ,
480 2207 516 2262 88
535 2216 563 2263 et
579 2209 633 2276 ⁹⁰3
673 2227 756 2279 quem
775 2210 870 2262 locutu
891 2225 956 2262 enm
975 2209 1067 2262 nitere
1085 2209 1121 2262 de

47 2295 74 2350 N.
89 2299 119 2352 lt.
137 2297 181 2363 ΙΙ,
219 2301 255 2351 47
283 2297 356 2351 reire
380 2305 497 2354 enarret
518 2299 650 2356 llnndiur
676 2301 703 2354 ll
722 2320 748 2371 p.
770 2299 845 2366 888).
891 2299 1022 2354 Rundiue
1051 2317 1121 2372 qun-

47 2389 116 2442 neolo
133 2391 208 2444 huno
227 2391 320 2460 leourn
338 2388 521 2458 intellexerit,
542 2390 589 2464 qni
608 2409 673 2447 eum
693 2391 767 2446 inter
788 2399 950 2462 conponat,
970 2391 999 2446 in
1019 2391 1120 2464 quibua

47 2477 93 2532 heo
108 2477 248 2551 partienlu
263 2483 405 2553 alguidi-el
422 2491 528 2537 tentant
537 2521 548 2548 ,
567 2485 663 2552 rolleno,
680 2483 772 2538 nereio
790 2483 852 2552 (iletl
882 2503 908 2554 p.
921 2483 997 2552 888).
1027 2485 1121 2556 Atyn·

46 2571 116 2626 delen
131 2571 159 2628 in
177 2573 327 2628 enutruriir
348 2575 483 2631 uremlrrir
501 2577 597 2631 lrrenie
616 2577 752 2632 orationis
770 2585 846 2631 reete
864 2579 972 2631 lonbere
989 2574 1118 2632 oidetnet

47 2661 88 2715 loe
102 2667 198 2720 eelteae
214 2667 323 2720 nomine
339 2683 393 2720 oen
412 2669 667 2736 reprehendantur,
702 2677 794 2723 celera
813 2675 919 2723 enitent.
964 2668 1058 2724 Alium
1075 2676 1120 2724 tn·

46 2771 98 2810 eren
117 2759 283 2813 reeteotionr
304 2758 386 2814 rnnlti
404 2759 632 2832 requieinernnt,
650 2767 729 2832 puto,
747 2761 869 2834 primurn
889 2761 961 2832 quood
982 2761 1043 2832 ipen
1061 2761 1121 2814 lane

47 2849 141 2904 loreto:
168 2869 199 2905 eo
216 2855 323 2905 neniae
341 2853 486 2906 dumtaxat
504 2853 648 2923 pertulere
663 2853 794 2916 uidetur,
832 2860 865 2908 ut
884 2855 918 2906 do
936 2853 1037 2906 oeterie
1056 2869 1120 2906 cam

47 2941 194 2999 conditione
212 2944 340 3009 diontur3
362 2961 426 2998 narn
446 2943 587 2999 incertum
606 2963 666 2999 eure
684 2943 877 3022 eigailiontur,
896 2961 963 2997 num
985 2942 1049 2997 eliie
1069 2960 1121 2997 nu·

47 3033 154 3091 niellam
170 3039 431 3108 reprehendentur3
451 3030 552 3090 deinde
570 3038 706 3102 lortnere,
725 3037 799 3108 quod
818 3035 933 3106 Epicuri
952 3033 1123 3092 eerttentionr

47 3127 160 3181 nenniloil
178 3127 284 3183 morteri
303 3135 454 3200 proterunt3
473 3130 645 3200 nequeenim
655 3127 792 3201 Epiootrue
806 3127 874 3181 tolio
893 3127 1121 3182 eeeeluxnriuenr

47 3215 154 3284 licebat,
172 3223 221 3292 qni
239 3227 334 3274 cetero
355 3220 406 3274 illu
426 3230 568 3289 renerent,
587 3223 635 3276 red
654 3221 689 3275 eb
709 3221 735 3274 id
758 3218 850 3289 ipsum
868 3219 1009 3274 luxurium
1022 3237 1121 3291 repre·

45 3307 208 3368 leniendam
226 3313 381 3379 indicebat,
399 3314 483 3385 quod,
504 3311 551 3386 qni
570 3312 731 3368 lnxnrieene
749 3313 837 3376 esset,
863 3327 917 3364 noo
937 3313 1121 3382 potentiori,

46 3403 102 3469 quin
119 3405 190 3459 idenr
203 3387 237 3460 in
256 3403 310 3459 illn
327 3405 482 3472 incideret,
509 3406 607 3460 inertie
628 3404 761 3458 timerem
778 3403 934 3457 deorumne
953 3409 981 3456 et
996 3399 1120 3458 infinitae

44 3495 210 3564 ‹optriteteo
262 3499 360 3569 ltaque
382 3499 466 3553 mnlti
495 3497 617 3552 editoree
635 3496 675 3551 eie
693 3496 851 3551 orationem
870 3493 1119 3566 interpnnrernntt

45 3589 202 3653 torneiae,
235 3591 380 3644 dumtaxat
399 3597 491 3646 cetera
516 3595 663 3651 coronent,
700 3587 781 3659 quoti
798 3588 942 3640 dumtaxat
959 3587 1119 3643 coniunctio

43 3693 72 3730 eo.
87 3698 138 3734 nee
155 3682 323 3737 adnerbinnr
343 3689 423 3738 erret.
465 3681 596 3752 (stupide
623 3677 710 3734 uetur
735 3680 859 3752 primunr
889 3679 971 3733 docet
992 3697 1051 3733 esee
1069 3679 1120 3732 od·

43 3771 160 3828 tertiolo
179 3783 207 3829 et
225 3775 390 3847 significare
416 3782 506 3840 certe,
541 3773 641 3825 deinde
660 3771 820 3844 coniungite
859 3789 889 3823 ee
914 3773 1020 3823 nemine
1041 3771 1119 3822 dorot-

43 3871 112 3916 taxet
130 3874 219 3920 cetera
239 3875 386 3933 currerent,
405 3873 433 3922 et
452 3871 586 3921 enarrat.-
603 3864 720 3930 orode,
740 3881 801 3918 eron
818 3863 858 3914 eie
878 3861 1052 3930 appellentur
1069 3863 1119 3929 (l),

41 3961 124 4009 cetera
140 3966 279 4020 tament.
313 3955 433 4024 licerio,
459 3977 510 4014 cnr
528 3953 657 4011 llnndiue
673 3975 702 4026 p.
718 3955 770 4010 887
789 3955 866 4008 lutor
884 3953 1019 4025 quondum
1038 3967 1055 4005 n
1073 3969 1120 4004 oe·

42 4047 285 4117 lauantemne,
319 4055 466 4123 lnmqnanr
485 4049 600 4121 propius
619 4045 779 4102 ndeedentie
795 4045 831 4100 nd
849 4040 1051 4098 ceniotnotienie
1069 4059 1121 4096 nn·

41 4149 136 4208 torem,
154 4145 209 4198 aiei
225 4146 301 4199 lerte
310 4179 319 4206 ,
337 4161 422 4216 quem
441 4143 520 4196 diro:
541 4142 674 4210 excipiam
692 4145 766 4192 certe
785 4155 847 4199 eoo,
867 4142 933 4189 nat:
951 4141 1025 4187 certe
1042 4150 1121 4208 qoem

39 4241 148 4298 mirre,
167 4241 293 4291 mutetur
312 4236 431 4290 udnerbi
451 4233 645 4307 significatio).
684 4230 742 4286 Alii
768 4231 858 4285 uerbo
877 4227 1012 4282 noutnndn
1037 4234 1121 4297 protn-

40 4333 108 4392 raet‚
126 4327 248 4398 (lolliano
267 4330 421 4398 dumtaxat,
440 4330 466 4384 ei
481 4329 570 4393 enode,
589 4331 688 4398 putten
696 4325 848 4388 detulerat,
863 4321 1016 4388 dotmmode,
1036 4319 1121 4374 Orel-

873 4429 922 4483 12·
