2722 4886
211 275 274 338 ’its
566 265 626 332 1)ss
647 255 826 332 rtt’ttttts
850 261 952 330 hon.

215 465 283 544 Qui
314 483 412 552 quotu
443 463 478 524 in
498 460 559 525 hee
583 461 656 546 ipss
678 459 907 547 philosophia,
952 457 994 522 nd
1018 478 1117 544 quotu
1138 469 1172 522 te
1198 454 1307 522 hosts·

215 593 308 651 ntur,
351 566 554 645 excelleret,
600 563 890 654 Theophrastique
911 578 1001 630 esset
1024 565 1174 643 auditor,
1210 560 1310 628 mults

216 675 386 764 preeclttrs
415 677 449 738 in
481 669 541 736 illo
569 671 762 738 calamitoso
795 673 865 736 otio
898 673 1031 757 scripsit
1058 692 1126 734 nou
1150 669 1194 734 ed
1219 690 1308 732 muro

218 781 360 869 aliquem
384 801 499 858 suum,
532 799 596 865 quo
620 791 689 844 eret
712 777 866 854 orbetus3
910 776 972 841 sed
995 778 1097 840 nnirni
1120 775 1231 840 cultus
1255 773 1308 838 ille

219 902 291 954 erut
315 891 346 952 ei
365 888 457 974 quusi
481 883 613 972 quidem
637 884 850 948 humanitatis
874 882 978 948 cibus.
1025 881 1186 968 Equidem
1212 903 1232 944 e
1253 881 1308 944 Cn.

220 993 378 1074 Aufidio,
408 994 593 1080 praetorio,
625 991 754 1056 eruditu
780 989 933 1068 homine,
955 987 1061 1055 oeulis
1080 1001 1199 1071 cepto,
1219 1007 1309 1071 serpe

220 1099 414 1179 audiebam,
444 1121 542 1187 quom
562 1121 598 1163 se
621 1097 706 1164 lucis
728 1099 834 1183 magis
855 1119 954 1183 quern
977 1095 1132 1160 utilitatis
1153 1093 1308 1158 desiderio

275 1282 335 1340 ipss)
349 1295 392 1328 om.
409 1281 429 1326 tt
456 1281 585 1338 hortemur)
604 1282 721 1329 berturi.
749 1281 857 1339 sempsit)
871 1281 962 1326 scribit
977 1291 1066 1324 omues.

222 1437 326 1491 Psullo
344 1447 407 1509 post
425 1441 511 1495 codes
524 1441 698 1512 archetypus
715 1435 817 1492 hebuit
836 1437 932 1490 scribit
950 1433 1052 1505 (Eizp,
1068 1433 1132 1486 edd.
1154 1437 1224 1485 uett.
1235 1427 1310 1482 etism

224 1528 385 1584 Grstsndri.
423 1531 515 1599 Grut,
534 1530 678 1600 lisuisins,
697 1530 784 1586 (isius
801 1535 921 1591 issent).
958 1529 1042 1593 Usus,
1061 1543 1118 1596 qno
1136 1523 1204 1578 Piso
1221 1523 1310 1574 berne

225 1619 311 1675 trium
333 1623 466 1678 orbstnur
487 1621 575 1680 luisse
593 1625 681 1694 dicit,
718 1623 747 1677 its
766 1639 798 1676 se
824 1621 940 1693 publice
962 1623 1037 1672 crst.
1082 1619 1120 1673 nt
1137 1623 1271 1688 precepti
1287 1619 1310 1663 et

227 1715 321 1780 tries,
340 1723 370 1769 ttt
390 1716 441 1770 etii
461 1721 593 1782 utentur,
612 1712 784 1770 scribuntur.
1135 1779 1139 1788 Ι

296 1823 368 1874 steps
387 1809 545 1877 audiebant)
565 1809 670 1878 dptnns
691 1807 745 1860 hoc
765 1807 802 1860 ud
823 1805 933 1860 Pisonis
958 1819 1130 1875 personam,
1166 1797 1213 1869 qni
1237 1797 1307 1850 (iite-

226 1915 296 1953 rone
314 1899 424 1970 sliqnot
440 1901 523 1954 sonis
542 1901 635 1955 ussine
656 1904 736 1973 ως
758 1915 823 1952 osni
839 1885 931 1969 ⁸putero
951 1897 1088 1950 cicerone
1106 1893 1252 1947 admodum
1268 1903 1307 1940 se

229 2009 282 2044 tres
301 1992 430 2047 Aufidius
446 1999 509 2047 erut
526 1992 626 2059 (Tunc.
647 1993 686 2055 V,
723 1989 796 2055 112).
850 1990 933 2060 Quod
953 1990 989 2042 sd
1010 1995 1103 2042 certor
1121 2002 1211 2040 sonos
1228 1981 1307 2037 dubtli

230 2085 413 2155 mgistrutos
432 2085 560 2138 referunt
578 2085 745 2153 (pretussm
763 2083 799 2136 sd
816 2098 844 2135 s.
863 2081 915 2135 1⁰8
933 2097 959 2135 n.
980 2081 1059 2157 th),
1084 2077 1146 2132 eius
1164 2077 1208 2130 rei
1224 2083 1309 2130 curte

231 2175 345 2230 ritstem
362 2175 392 2230 in
414 2176 501 2248 Pighi
520 2175 686 2232 coniectura
704 2174 824 2244 positum
842 2172 978 2228 arbitror.

301 2268 372 2321 lucis
390 2270 482 2338 nugis
500 2285 580 2343 quum
601 2267 734 2320 utilitatis
754 2265 903 2332 desiderio)
931 2263 1072 2334 Quoniam
1093 2264 1161 2319 Piso
1174 2263 1310 2318 ostendere

231 2364 360 2424 nonnus,
379 2361 508 2414 homines
526 2357 715 2430 coguitionem
736 2377 787 2429 per
804 2375 834 2414 se
853 2359 943 2429 ipsum
955 2366 1099 2429 expetere,
1117 2363 1228 2410 remote
1244 2353 1311 2408 otili·

231 2451 298 2504 tetis
316 2451 428 2505 tutione
448 2451 522 2519 (tt),
542 2455 630 2522 neget
646 2452 800 2516 Aufidium,
821 2467 906 2520 quoru
926 2453 1020 2505 luceru
1039 2455 1195 2518 expeteret,
1214 2446 1310 2502 utilitu-

231 2539 269 2595 tis
288 2541 444 2608 desiderio,
457 2559 543 2613 qnttur
562 2561 594 2595 es
616 2543 707 2597 oculis
725 2545 760 2598 sd
779 2544 997 2596 commodastis
1015 2548 1045 2595 et
1063 2541 1100 2593 ud
1119 2559 1180 2594 scm
1198 2539 1311 2594 lumilit-

232 2649 292 2685 rem
314 2633 447 2686 tuendum
467 2635 550 2687 stud
571 2651 630 2687 rem
649 2635 794 2705 publicem
812 2637 966 2706 piendum
984 2635 1137 2688 habiturus
1155 2643 1235 2696 esset,
1254 2649 1311 2684 esn-

232 2729 340 2778 motum
353 2741 424 2789 esse,
443 2725 681 2794 quemntmotnm
700 2728 875 2782 Demetrium
894 2727 1066 2790 discentes,
1084 2741 1145 2796 qum
1163 2724 1310 2796 scripsisset.

232 2833 289 2871 nou
306 2817 341 2871 sd
361 2833 443 2870 nsunt
454 2817 579 2887 aliquem
591 2833 675 2870 suum
692 2817 844 2890 scripsisse.
893 2817 1017 2872 Utilitsti
1035 2815 1180 2872 contraris
1196 2817 1311 2888 veeste

235 2915 298 2964 erut
315 2908 375 2964 slis
393 2909 518 2981 queduru
538 2925 599 2973 res,
617 2925 701 2982 quem
722 2928 755 2964 ex
777 2911 867 2966 oculis
886 2918 1071 2981 percepturus
1089 2915 1179 2973 esset,
1208 2911 1251 2963 uel
1268 2925 1310 2978 pe·

234 3001 290 3056 tius
309 3017 365 3055 uus
387 3001 532 3073 cognitio,
566 3019 632 3056 nttsn
655 3017 689 3054 cn
707 3001 823 3071 sgiturs
862 3003 1022 3055 inconditus
1048 3000 1133 3055 etium
1152 3002 1180 3055 in
1200 3001 1311 3056 utilitstc

235 3099 307 3148 eret.
342 3093 398 3148 Sed
416 3093 558 3148 sentiebat
570 3093 680 3158 Cicero,
694 3095 902 3150 subabsurdum
913 3096 976 3148 iuro
994 3095 1163 3164 cognitionis
1181 3093 1311 3152 desistetis,

236 3185 318 3255 quusi
336 3203 410 3240 nunc
428 3183 499 3240 nihil
525 3187 653 3242 Aufidius
671 3193 836 3257 cognosset,
866 3185 915 3259 qui
933 3187 1041 3240 uideret
1060 3188 1088 3238 in
1106 3188 1210 3241 litteris
1227 3189 1310 3252 (tur.

208 3321 210 3325 ,
236 3278 269 3340 V,
291 3276 367 3342 112),
387 3287 415 3333 et
433 3279 523 3348 quusi,
542 3279 566 3333 si
588 3279 679 3334 lunum
698 3279 828 3344 heberet,
848 3278 1038 3349 cognitionem
1058 3297 1113 3333 noe
1128 3287 1202 3333 esset
1218 3275 1311 3332 deside·

235 3371 369 3431 saturon
388 3376 416 3421 et
432 3377 570 3438 proteres
588 3369 616 3423 in
636 3371 689 3425 ills
706 3371 845 3426 iecultete
861 3371 1048 3441 cognoscendi
1062 3371 1126 3441 ipsu
1145 3370 1251 3425 utiliter
1267 3383 1310 3420 sss

236 3456 475 3514 obscuratione
512 3462 612 3533 ltuque
630 3461 695 3526 hic,
733 3469 764 3516 ut
787 3459 878 3527 stibi,
903 3481 989 3534 quous
1009 3462 1152 3518 incidisset
1170 3463 1200 3518 iu
1216 3469 1311 3516 senten·

236 3547 304 3605 tisut
323 3553 353 3603 et
370 3550 532 3621 argumenti
550 3552 675 3606 formem
687 3553 730 3606 roi
749 3555 967 3624 propositurus
987 3555 1057 3610 setis
1073 3564 1182 3625 sptem,
1200 3557 1263 3609 dum
1278 3553 1312 3604 lt·

237 3645 415 3700 commodum
434 3643 593 3698 mutatione
612 3645 709 3718 ulique
728 3647 821 3701 uitsrs
839 3648 949 3713 studet,
977 3646 1004 3700 in
1026 3649 1104 3702 eliud
1125 3649 1217 3702 innius
1234 3647 1312 3700 ineur-

238 3737 286 3792 stt.
321 3737 484 3791 Nomionis
513 3734 625 3806 possut,
663 3742 694 3792 ut
712 3740 761 3792 lus
779 3756 834 3793 non
862 3746 904 3794 est
930 3739 1075 3795 contremet
1103 3737 1222 3794 utilitati
1246 3736 1313 3792 luris.

237 3829 379 3884 Debemus
397 3827 486 3900 igitur
501 3829 690 3900 intellegeres
716 3831 787 3884 lucis
805 3849 857 3900 pes
873 3847 903 3884 se
920 3839 948 3885 et
965 3834 1003 3894 qd
1020 3833 1110 3886 soluts
1126 3851 1219 3886 ser-nst
1233 3829 1312 3900 τομί-

237 3921 321 3976 tionis
336 3924 472 3987 sructura.
513 3919 607 3977 Sensit
628 3921 832 4000 difficultatem
850 3923 995 3991 0rellius;
1025 3927 1075 3980 sed
1094 3926 1249 3981 infeliciter
1263 3937 1313 3975 sot·

238 3997 478 4084 rigeudntollere
496 4023 624 4080 conetur,
643 4031 694 4084 pro
712 4016 854 4081 utilitatis,
873 4033 932 4086 que
952 4035 1007 4071 nos
1025 4019 1187 4073 necmsrin
1204 4027 1244 4081 st,
1259 4031 1312 4067 cst·

238 4107 347 4160 sutotns
364 4107 499 4162 scribens.
551 4105 581 4162 Si
600 4107 671 4161 telis
688 4105 824 4164 librarius
843 4109 947 4164 codicis
961 4109 1111 4182 archetypi
1130 4108 1313 4182 pem-tunt

237 4201 332 4250 sctum
349 4207 423 4252 esset
440 4200 475 4252 de
493 4199 601 4254 critico.
639 4199 795 4273 Requietent
812 4201 974 4270 corporibus
992 4207 1124 4273 (propter
1143 4203 1239 4275 prime
1257 4197 1312 4254 edit

237 4291 265 4343 st
283 4286 406 4346 slittruru
422 4292 568 4360 turudum)
587 4293 739 4351 adnotetur
766 4293 872 4350 ellos.
892 4301 921 4348 ct
943 4291 972 4350 in
1000 4292 1131 4367 margine
1151 4295 1227 4350 (iret.
1268 4292 1313 4344 ss·
