2788 4886
488 293 742 364 PBAEFATIO.
1134 301 1166 366 V

92 485 198 546 citans:
220 488 308 544 urter
327 501 456 568 quoque
479 487 665 568 requiritur,
689 480 736 545 ibi
760 480 910 546 desinere
932 481 1057 548 scribit.
1096 482 1165 548 llo·
1232 507 1237 531 ¹

88 611 149 651 rum
170 588 313 652 codicum
339 585 501 653 Gruterus
527 587 646 654 multas
667 589 846 675 scripturas
869 588 1056 670 adnosautr,
1090 588 1163 674 plu-

89 697 144 774 ris,
163 696 261 758 etiarn
287 693 429 759 Palatini
453 699 567 782 primi,
591 698 719 771 omisit;
742 717 803 760 neo
827 715 902 776 eas,
924 717 1006 782 quas
1031 697 1165 780 adnota-

88 803 143 880 uit’,
169 804 249 865 satis
271 823 409 902 semper,
421 801 597 888 diligenter
616 823 722 888 neque
747 801 845 888 plene
864 805 992 887 posuit,
1011 804 1067 866 sed
1091 816 1163 866 tan-

89 921 144 972 turn
166 930 237 972 earu
262 923 400 995 partem,
422 931 494 994 qnae
517 912 551 972 in
575 907 690 974 oeulos
710 907 917 988 inorurebat,
936 921 972 972 ut
994 907 1047 987 ll,
1067 909 1110 972 20
1131 925 1164 973 et

86 1015 137 1093 to,
162 1037 232 1100 qnae
255 1013 414 1101 exempla
439 1037 498 1101 pro
521 1014 633 1080 multis
655 1012 836 1078 sufficiunt.
884 1014 920 1080 ld
945 1035 1074 1102 quoque
1093 1017 1163 1080 ani-

86 1121 251 1202 maduerti,
296 1121 491 1209 particulam
522 1127 572 1187 sie
595 1123 661 1202 (m‘e
683 1121 757 1186 Pul.
776 1125 816 1202 1,
859 1127 908 1185 rio
929 1140 1038 1186 onnes
1061 1122 1162 1204 Poll.)

86 1227 229 1292 interdum
255 1231 304 1293 ita
328 1231 418 1314 poni,
443 1245 478 1292 nt
502 1251 566 1294 non
592 1229 764 1294 adomnia
789 1249 828 1292 ea
850 1227 1056 1316 uerba,·quae
1080 1250 1161 1316 prae·

84 1333 186 1418 teripta
212 1337 299 1415 sint,
346 1340 528 1419 pertineat,
570 1338 629 1402 sed
656 1337 819 1401 adunum
841 1334 992 1422 aliquod,
1035 1337 1160 1422 dequo

86 1435 226 1504 Gruterus
249 1442 433 1529 cogitabat,
454 1457 510 1508 aut
532 1443 647 1530 plura3
669 1443 761 1508 uelut
782 1441 827 1523 ll,
847 1445 890 1508 lb
905 1445 940 1507 in
961 1441 1033 1508 Fal.
1057 1447 1075 1506 1
1095 1463 1159 1506 non

86 1566 141 1608 ern
159 1545 291 1627 dotant,
316 1559 516 1638 arentemque
536 1560 570 1616 et
590 1571 719 1630 nereus,
751 1549 808 1614 sed
829 1549 940 1614 dutum
962 1557 1161 1634 mentemque

85 1673 192 1729 aeream
239 1659 401 1721 remansit
426 1667 457 1721 et
482 1679 527 1722 ex
557 1660 763 1744 superiorum
783 1657 964 1722 editionum
987 1657 1158 1741 scriptura.

86 1749 181 1844 Neque
200 1761 259 1827 illa
285 1759 475 1828 adfirmatio
506 1763 546 1828 ad
580 1761 756 1828 uerborum
786 1763 1049 1850 praescriptorum
1075 1763 1160 1826 ordi-

86 1885 143 1930 nem
162 1871 325 1953 pertinet,
355 1891 396 1934 ne
420 1868 467 1935 ibi
491 1871 639 1958 quidem,
661 1869 719 1934 nbi
741 1873 775 1935 in
800 1891 839 1934 eo
863 1889 917 1933 res
941 1873 1100 1948 uertitur,
1124 1883 1160 1932 ut

87 1969 106 2048 1,
121 1977 170 2040 tt:
188 1977 245 2040 uel
263 1974 364 2040 nobis
386 1977 514 2057 dicum,
536 1975 592 2041 ubi
616 1991 739 2042 eertum
764 1989 812 2055 st,
851 1977 885 2038 in
908 1974 980 2039 Pal.
1003 1980 1042 2056 1,
1065 1987 1100 2038 nt
1123 1977 1157 2038 ia

87 2084 181 2145 ceteris
201 2081 320 2163 bonis,
339 2083 458 2148 inisse:
481 2083 677 2161 recidiuam,
700 2079 804 2146 nobis.
852 2081 975 2145 Praeter
996 2101 1052 2144 eas
1078 2083 1157 2143 sori-

86 2197 193 2266 ptnras,
214 2209 297 2274 quas
324 2186 486 2254 Gruterus
509 2191 543 2254 ia
567 2192 654 2254 notis
677 2189 807 2274 posuit,
827 2207 926 2252 unam
952 2199 984 2250 et
1008 2185 1157 2264 alteram,

88 2293 197 2358 ninoris
218 2297 292 2362 lere
319 2299 489 2375 momenti,
511 2299 609 2362 tacite
633 2318 651 2360 e
674 2295 745 2360 Pal.
771 2299 789 2360 l
814 2295 994 2381 sumpsisse
1016 2292 1157 2372 uidetur,

88 2417 264 2488 quareque
298 2415 378 2468 anto
409 2425 483 2468 eum
505 2395 669 2489 reperitur
692 2416 726 2467 et
747 2423 833 2466 nune
863 2423 882 2464 n
906 2401 1016 2465 codiee
1040 2398 1156 2464 Erlan·

88 2509 160 2586 gensi
178 2507 412 2588 confirmatur,
445 2523 480 2572 ut
500 2508 535 2588 l,
577 2511 621 2574 bb
639 2515 684 2574 rit
701 2529 766 2573 nou
790 2508 923 2585 dolere,
946 2505 997 2584 ll,
1020 2508 1064 2570 20
1085 2527 1155 2570 eum

87 2595 183 2692 ipsun,
202 2617 245 2680 4⁵
265 2617 351 2680 uls'r’e
371 2617 500 2696 urrrltr'r,
521 2617 564 2680 ou
583 2615 686 2702 deque
706 2613 758 2678 ΙΙΙ
776 2613 892 2694 rebus,
915 2617 958 2678 st
973 2619 1081 2700 possit
1101 2633 1154 2676 ru·
1200 2668 1204 2678 .

87 2721 163 2798 tunt,
190 2725 232 2786 85
252 2729 364 2810 igitur
386 2729 501 2808 aprum.
553 2720 602 2806 (ln
626 2723 770 2810 quinque
795 2744 813 2787 e
835 2741 899 2786 sex
923 2720 1006 2785 loeis
1028 2725 1153 2784 sttntnm

87 2822 164 2890 uerbo
184 2831 467 2917 transponuntur.)

153 2931 268 3002 Praeter
289 2938 395 3019 ipsius
420 2935 553 3000 Gruteri
579 2936 708 3001 codices
729 2936 871 3002 ”Daniel
902 2935 1062 3000 lleinsius
1095 2935 1155 2998 mi·

88 3035 119 3096 rit
136 3038 169 3103 nd
189 3064 259 3108 eum
287 3041 422 3128 losepbi
448 3041 612 3130 Scaligeri
632 3040 766 3124 librum,
788 3045 840 3109 eui
865 3061 1005 3128 magnus
1020 3039 1079 3105 ille
1103 3043 1154 3106 uir·

86 3145 250 3230 ascripserat
292 3150 455 3214 lectiones
491 3152 653 3214 uariantis
685 3151 806 3215 rodinis
839 3149 994 3214 noteris.”
1045 3145 1153 3232 (Grut.

86 3245 253 3335 astet.)
307 3255 341 3320 ls
363 3257 491 3337 codex,
534 3260 590 3344 qui
615 3279 634 3322 a
658 3255 797 3322 meliore
822 3277 946 3342 genero
969 3267 1020 3334 st,
1067 3256 1152 3338 apud

87 3349 230 3428 Gruterum
260 3361 497 3448 Scaligeranur
518 3362 704 3450 appellatur
736 3365 808 3428 siue
831 3361 916 3428 liber
937 3383 957 3426 a
981 3360 1151 3449 scaligero

86 3462 227 3552 conlatus,
273 3471 440 3535 interdum
465 3468 673 3556 Scaligerani
703 3467 781 3534 libri
812 3490 926 3556 margo
951 3468 1045 3548 (adl
1070 3471 1152 3548 ab,

85 3565 143 3650 ΙΙ),
179 3575 237 3643 boe
261 3590 333 3656 est,
358 3597 423 3642 non
443 3577 564 3642 rodinis
586 3577 799 3659 manuscriptl
822 3597 956 3662 margo,
991 3577 1049 3640 sed
1072 3578 1152 3640 scri-

85 3683 210 3752 pturaex
231 3684 294 3749 illo
314 3685 348 3748 in
374 3685 523 3769 margine
548 3682 696 3770 exempli
720 3684 797 3748 editi
820 3682 994 3760 adnotata3
1020 3683 1150 3747 eodem·

86 3799 133 3862 que
151 3790 238 3856 molo
256 3790 319 3856 illa
339 3790 490 3876 intellegi
517 3789 678 3856 Gruterus
699 3789 817 3868 uoluit,
842 3809 913 3875 quse
937 3788 1092 3875 arrrbigne
1117 3803 1150 3852 et

87 3887 271 3980 neglegenter
297 3900 423 3983 posuit:
467 3896 635 3983 ’'Scaliger
663 3897 703 3960 ad
739 3917 829 3960 orem
861 3893 938 3960 libri
962 3896 1035 3958 sui”
1056 3893 1150 3978 (adl

85 3991 224 4074 lllaut:
267 4005 341 4070 ’'So.
361 4005 400 4070 erl
432 4025 523 4070 oram
556 4001 633 4067 libri
667 4000 811 4067 adleuit’'
834 4003 888 4087 (ad
912 4001 946 4082 l,
990 4002 1043 4084 12)
1076 4015 1149 4070 aut:

87 4093 142 4162 ”Su
156 4101 233 4173 libro
254 4131 314 4176 sno
336 4111 507 4198 aser-ipsit”
529 4111 584 4194 (ad
607 4108 639 4173 ll
661 4132 689 4173 o.
704 4111 744 4190 5,
784 4111 826 4173 lo
850 4106 915 4184 bis)
935 4107 1008 4170 siue
1031 4107 1149 4174 ”aseri-

87 4215 155 4282 lllm
168 4210 280 4280 bobet''
301 4215 354 4300 (ad
369 4216 414 4298 ll,
437 4239 464 4280 e.
485 4219 610 4298 o,18);
635 4236 830 4304 quamquam
849 4210 1024 4294 interdum,
1048 4216 1148 4282 etiam

88 4305 127 4373 ”bl
147 4335 247 4403 aperte
269 4327 371 4393 estex
391 4321 598 4412 appellatur,
647 4334 703 4387 aut
729 4322 916 4386 coniectura
938 4319 1075 4388 subesse
1099 4327 1147 4388 ui-
