<?xml version="1.0" encoding="UTF-8"?>
<!DOCTYPE html PUBLIC "-//W3C//DTD XHTML 1.0 Transitional//EN"
    "http://www.w3.org/TR/xhtml1/DTD/xhtml1-transitional.dtd">
<html xmlns="http://www.w3.org/1999/xhtml" xml:lang="en" lang="en">
 <head>
  <title>
</title>
<meta http-equiv="Content-Type" content="text/html;charset=utf-8" />
  <meta name='ocr-system' content='tesseract 3.04.00' />
  <meta name='ocr-capabilities' content='ocr_page ocr_carea ocr_par ocr_line ocrx_word'/>
</head>
<body>
  <div class='ocr_page' id='page_1' title='image "./mtulliciceronis01madvgoog_0856.png"; bbox 0 0 2754 4892; ppageno 0'>
   <div class='ocr_carea' id='block_1_1' title="bbox 310 331 1125 400">
    <p class='ocr_par' dir='ltr' id='par_1_1' title="bbox 310 331 1125 400">
     <span class='ocr_line' id='line_1_1' title="bbox 310 331 1125 400; baseline 0.005 -4"><span class='ocrx_word' id='word_1_1' title='bbox 310 332 370 398; x_wconf 85' lang='grc' dir='ltr'><strong>ΕΤ</strong></span> <span class='ocrx_word' id='word_1_2' title='bbox 383 331 502 398; x_wconf 79' lang='lat' dir='ltr'><strong>MAL.</strong></span> <span class='ocrx_word' id='word_1_3' title='bbox 523 331 609 398; x_wconf 82' lang='lat' dir='ltr'><strong>Lru.</strong></span> <span class='ocrx_word' id='word_1_4' title='bbox 631 334 664 400; x_wconf 89' lang='lat' dir='ltr'>V</span> <span class='ocrx_word' id='word_1_5' title='bbox 686 332 777 399; x_wconf 76' lang='lat' dir='ltr'>CAP.</span> <span class='ocrx_word' id='word_1_6' title='bbox 800 337 853 399; x_wconf 75' lang='grc'><strong>29.</strong></span> <span class='ocrx_word' id='word_1_7' title='bbox 1062 338 1125 400; x_wconf 73' lang='lat'><strong>778</strong></span> 
     </span>
    </p>
   </div>
   <div class='ocr_carea' id='block_1_2' title="bbox 43 524 1136 1466">
    <p class='ocr_par' dir='ltr' id='par_1_2' title="bbox 43 524 1136 1466">
     <span class='ocr_line' id='line_1_2' title="bbox 46 524 1122 617; baseline 0.003 -29"><span class='ocrx_word' id='word_1_8' title='bbox 46 547 190 590; x_wconf 84' lang='lat' dir='ltr'><strong>nurnerou</strong></span> <span class='ocrx_word' id='word_1_9' title='bbox 212 539 245 590; x_wconf 84' lang='lat' dir='ltr'><strong>at</strong></span> <span class='ocrx_word' id='word_1_10' title='bbox 267 524 423 592; x_wconf 82' lang='lat' dir='ltr'><strong>caelestia</strong></span> <span class='ocrx_word' id='word_1_11' title='bbox 456 530 638 613; x_wconf 82' lang='lat' dir='ltr'><strong>accipereti</strong></span> <span class='ocrx_word' id='word_1_12' title='bbox 683 553 740 596; x_wconf 90' lang='lat' dir='ltr'><strong>our</strong></span> <span class='ocrx_word' id='word_1_13' title='bbox 766 545 841 617; x_wconf 87' lang='lat' dir='ltr'><strong>post</strong></span> <span class='ocrx_word' id='word_1_14' title='bbox 870 529 1050 595; x_wconf 82' lang='lat' dir='ltr'><strong>Tarentum</strong></span> <span class='ocrx_word' id='word_1_15' title='bbox 1082 529 1122 592; x_wconf 88' lang='lat' dir='ltr'><strong>ad</strong></span> 
     </span>
     <span class='ocr_line' id='line_1_3' title="bbox 44 631 1123 724; baseline 0.002 -28"><span class='ocrx_word' id='word_1_16' title='bbox 44 631 232 716; x_wconf 64' lang='lat' dir='ltr'><strong>Archytam!</strong></span> <span class='ocrx_word' id='word_1_17' title='bbox 254 655 311 698; x_wconf 92' lang='lat' dir='ltr'><strong>cur</strong></span> <span class='ocrx_word' id='word_1_18' title='bbox 332 632 373 698; x_wconf 88' lang='lat' dir='ltr'><strong>ad</strong></span> <span class='ocrx_word' id='word_1_19' title='bbox 395 633 537 700; x_wconf 82' lang='lat' dir='ltr'><strong>relicuos</strong></span> <span class='ocrx_word' id='word_1_20' title='bbox 560 635 795 724; x_wconf 79' lang='lat' dir='ltr'><strong>Pythagoreos,</strong></span> <span class='ocrx_word' id='word_1_21' title='bbox 818 637 1042 714; x_wconf 85' lang='lat' dir='ltr'><strong>Echecratenr,</strong></span> <span class='ocrx_word' id='word_1_22' title='bbox 1064 633 1123 698; x_wconf 84' lang='lat' dir='ltr'><strong>Ti-</strong></span> 
     </span>
     <span class='ocr_line' id='line_1_4' title="bbox 44 739 1123 830; baseline 0.006 -30"><span class='ocrx_word' id='word_1_23' title='bbox 44 759 182 817; x_wconf 86' lang='lat' dir='ltr'><strong>maeum,</strong></span> <span class='ocrx_word' id='word_1_24' title='bbox 212 739 389 804; x_wconf 78' lang='lat' dir='ltr'><strong>Actionem</strong></span> <span class='ocrx_word' id='word_1_25' title='bbox 412 741 556 822; x_wconf 79' lang='lat' dir='ltr'><strong>Locros,</strong></span> <span class='ocrx_word' id='word_1_26' title='bbox 587 755 639 822; x_wconf 86' lang='lat' dir='ltr'><strong>ut,</strong></span> <span class='ocrx_word' id='word_1_27' title='bbox 673 764 769 830; x_wconf 89' lang='lat' dir='ltr'><strong>quom</strong></span> <span class='ocrx_word' id='word_1_28' title='bbox 794 745 961 808; x_wconf 82' lang='lat' dir='ltr'><strong>Socratem</strong></span> <span class='ocrx_word' id='word_1_29' title='bbox 987 763 1123 827; x_wconf 83' lang='lat' dir='ltr'><strong>exprea·</strong></span> 
     </span>
     <span class='ocr_line' id='line_1_5' title="bbox 44 829 1122 936; baseline 0.004 -30"><span class='ocrx_word' id='word_1_30' title='bbox 44 847 150 923; x_wconf 78' lang='lat' dir='ltr'><strong>sisset,</strong></span> <span class='ocrx_word' id='word_1_31' title='bbox 194 845 387 933; x_wconf 81' lang='lat' dir='ltr'><strong>adiungeret</strong></span> <span class='ocrx_word' id='word_1_32' title='bbox 424 829 706 936; x_wconf 53' lang='lat' dir='ltr'><strong>Pythagoreorum</strong></span> <span class='ocrx_word' id='word_1_33' title='bbox 737 849 963 935; x_wconf 78' lang='lat' dir='ltr'><strong>disciplinam,</strong></span> <span class='ocrx_word' id='word_1_34' title='bbox 1006 867 1122 932; x_wconf 88' lang='lat' dir='ltr'><strong>eaque,</strong></span> 
     </span>
     <span class='ocr_line' id='line_1_6' title="bbox 43 953 1121 1042; baseline 0.002 -28"><span class='ocrx_word' id='word_1_35' title='bbox 43 973 117 1035; x_wconf 87' lang='lat' dir='ltr'><strong>quac</strong></span> <span class='ocrx_word' id='word_1_36' title='bbox 137 953 289 1016; x_wconf 81' lang='lat' dir='ltr'><strong>Socraten</strong></span> <span class='ocrx_word' id='word_1_37' title='bbox 308 953 512 1039; x_wconf 78' lang='lat' dir='ltr'><strong>repudiabat,</strong></span> <span class='ocrx_word' id='word_1_38' title='bbox 531 955 735 1020; x_wconf 77' lang='lat' dir='ltr'><strong>addiscereti</strong></span> <span class='ocrx_word' id='word_1_39' title='bbox 756 979 813 1021; x_wconf 91' lang='lat' dir='ltr'><strong>cur</strong></span> <span class='ocrx_word' id='word_1_40' title='bbox 831 959 900 1042; x_wconf 82' lang='lat' dir='ltr'><strong>ipae</strong></span> <span class='ocrx_word' id='word_1_41' title='bbox 919 954 1121 1040; x_wconf 83' lang='lat' dir='ltr'><strong>Pythagoraa</strong></span> 
     </span>
     <span class='ocr_line' id='line_1_7' title="bbox 43 1048 1122 1149; baseline 0.003 -30"><span class='ocrx_word' id='word_1_42' title='bbox 43 1071 71 1119; x_wconf 85' lang='lat' dir='ltr'><strong>et</strong></span> <span class='ocrx_word' id='word_1_43' title='bbox 96 1059 280 1144; x_wconf 82' lang='lat' dir='ltr'><strong>Aegyptum</strong></span> <span class='ocrx_word' id='word_1_44' title='bbox 309 1048 463 1125; x_wconf 71' lang='lat' dir='ltr'><strong>luutrauit</strong></span> <span class='ocrx_word' id='word_1_45' title='bbox 492 1073 525 1125; x_wconf 91' lang='lat' dir='ltr'><strong>et</strong></span> <span class='ocrx_word' id='word_1_46' title='bbox 561 1061 735 1126; x_wconf 80' lang='lat' dir='ltr'><strong>Parcarum</strong></span> <span class='ocrx_word' id='word_1_47' title='bbox 773 1083 888 1149; x_wconf 78' lang='lat' dir='ltr'><strong>magon</strong></span> <span class='ocrx_word' id='word_1_48' title='bbox 917 1061 1018 1126; x_wconf 80' lang='lat' dir='ltr'><strong>uuiitt</strong></span> <span class='ocrx_word' id='word_1_49' title='bbox 1064 1081 1122 1123; x_wconf 90' lang='lat' dir='ltr'><strong>our</strong></span> 
     </span>
     <span class='ocr_line' id='line_1_8' title="bbox 43 1165 1136 1253; baseline 0.005 -28"><span class='ocrx_word' id='word_1_50' title='bbox 43 1177 136 1227; x_wconf 85' lang='lat' dir='ltr'><strong>tantas</strong></span> <span class='ocrx_word' id='word_1_51' title='bbox 177 1169 331 1252; x_wconf 79' lang='lat' dir='ltr'><strong>regiones</strong></span> <span class='ocrx_word' id='word_1_52' title='bbox 369 1165 583 1232; x_wconf 86' lang='lat' dir='ltr'><strong>barbarorum</strong></span> <span class='ocrx_word' id='word_1_53' title='bbox 619 1167 757 1253; x_wconf 84' lang='lat' dir='ltr'><strong>pedibus</strong></span> <span class='ocrx_word' id='word_1_54' title='bbox 792 1168 894 1232; x_wconf 75' lang='lat' dir='ltr'><strong>obiiti</strong></span> <span class='ocrx_word' id='word_1_55' title='bbox 939 1179 988 1230; x_wconf 84' lang='lat' dir='ltr'><strong>tot</strong></span> <span class='ocrx_word' id='word_1_56' title='bbox 1019 1169 1136 1230; x_wconf 79' lang='lat' dir='ltr'><strong>maria¹</strong></span> 
     </span>
     <span class='ocr_line' id='line_1_9' title="bbox 44 1271 1121 1362; baseline 0.004 -31"><span class='ocrx_word' id='word_1_57' title='bbox 44 1273 232 1336; x_wconf 70' lang='lat' dir='ltr'><strong>transmisit!</strong></span> <span class='ocrx_word' id='word_1_58' title='bbox 254 1295 311 1338; x_wconf 89' lang='lat' dir='ltr'><strong>cur</strong></span> <span class='ocrx_word' id='word_1_59' title='bbox 333 1271 415 1338; x_wconf 87' lang='lat' dir='ltr'><strong>haec</strong></span> <span class='ocrx_word' id='word_1_60' title='bbox 440 1275 554 1340; x_wconf 89' lang='lat' dir='ltr'><strong>eadem</strong></span> <span class='ocrx_word' id='word_1_61' title='bbox 573 1273 785 1340; x_wconf 85' lang='lat' dir='ltr'><strong>Democritus</strong></span> <span class='ocrx_word' id='word_1_62' title='bbox 796 1274 808 1337; x_wconf 78' lang='lat' dir='ltr'><strong>&#39;i</strong></span> <span class='ocrx_word' id='word_1_63' title='bbox 846 1277 901 1360; x_wconf 92' lang='lat' dir='ltr'><strong>qui</strong></span> <span class='ocrx_word' id='word_1_64' title='bbox 924 1275 1036 1362; x_wconf 90' lang='lat' dir='ltr'><strong>(uere,</strong></span> <span class='ocrx_word' id='word_1_65' title='bbox 1059 1271 1121 1336; x_wconf 83' lang='lat' dir='ltr'><strong>ial-</strong></span> 
     </span>
     <span class='ocr_line' id='line_1_10' title="bbox 43 1380 1121 1466; baseline 0.003 -28"><span class='ocrx_word' id='word_1_66' title='bbox 43 1397 130 1456; x_wconf 85' lang='lat' dir='ltr'><strong>sone,</strong></span> <span class='ocrx_word' id='word_1_67' title='bbox 162 1399 228 1443; x_wconf 82' lang='lat' dir='ltr'><strong>nort</strong></span> <span class='ocrx_word' id='word_1_68' title='bbox 251 1383 458 1466; x_wconf 83' lang='lat' dir='ltr'><strong>quaeremus)</strong></span> <span class='ocrx_word' id='word_1_69' title='bbox 483 1380 660 1445; x_wconf 74' lang='lat' dir='ltr'><strong>diciturne</strong></span> <span class='ocrx_word' id='word_1_70' title='bbox 685 1380 789 1445; x_wconf 81' lang='lat' dir='ltr'><strong>oculis</strong></span> <span class='ocrx_word' id='word_1_71' title='bbox 811 1383 978 1466; x_wconf 78' lang='lat' dir='ltr'><strong>priuatae3</strong></span> <span class='ocrx_word' id='word_1_72' title='bbox 1022 1391 1121 1456; x_wconf 89' lang='lat' dir='ltr'><strong>certe,</strong></span> 
     </span>
    </p>
   </div>
   <div class='ocr_carea' id='block_1_3' title="bbox 43 1593 1120 1803">
    <p class='ocr_par' dir='ltr' id='par_1_3' title="bbox 43 1593 1120 1803">
     <span class='ocr_line' id='line_1_11' title="bbox 86 1593 1120 1656; baseline 0.003 -18"><span class='ocrx_word' id='word_1_73' title='bbox 86 1593 192 1649; x_wconf 84' lang='lat' dir='ltr'><strong>reiienoe)</strong></span> <span class='ocrx_word' id='word_1_74' title='bbox 206 1597 338 1641; x_wconf 80' lang='lat' dir='ltr'><strong>eeternec</strong></span> <span class='ocrx_word' id='word_1_75' title='bbox 366 1598 501 1652; x_wconf 61' lang='lat' dir='ltr'><strong>Acriores)</strong></span> <span class='ocrx_word' id='word_1_76' title='bbox 518 1597 685 1644; x_wconf 60' lang='lat' dir='ltr'><strong>Aaronem</strong></span> <span class='ocrx_word' id='word_1_77' title='bbox 728 1599 789 1656; x_wconf 82' lang='lat' dir='ltr'><strong>ipre)</strong></span> <span class='ocrx_word' id='word_1_78' title='bbox 804 1604 829 1642; x_wconf 87' lang='lat' dir='ltr'><strong>et</strong></span> <span class='ocrx_word' id='word_1_79' title='bbox 846 1597 932 1654; x_wconf 63' lang='lat' dir='ltr'><strong>iperii</strong></span> <span class='ocrx_word' id='word_1_80' title='bbox 975 1603 1000 1644; x_wconf 86' lang='lat' dir='ltr'><strong>ct</strong></span> <span class='ocrx_word' id='word_1_81' title='bbox 1015 1599 1120 1656; x_wconf 67' lang='lat' dir='ltr'><strong>Egypt.)</strong></span> 
     </span>
     <span class='ocr_line' id='line_1_12' title="bbox 44 1668 1118 1732; baseline 0.007 -19"><span class='ocrx_word' id='word_1_82' title='bbox 44 1668 119 1724; x_wconf 58' lang='lat' dir='ltr'><strong>dtuli</strong></span> <span class='ocrx_word' id='word_1_83' title='bbox 146 1674 215 1724; x_wconf 87' lang='lat' dir='ltr'><strong>nere)</strong></span> <span class='ocrx_word' id='word_1_84' title='bbox 230 1672 326 1716; x_wconf 72' lang='lat' dir='ltr'><strong>aereo</strong></span> <span class='ocrx_word' id='word_1_85' title='bbox 353 1687 399 1719; x_wconf 90' lang='lat' dir='ltr'><strong>non</strong></span> <span class='ocrx_word' id='word_1_86' title='bbox 414 1677 555 1732; x_wconf 79' lang='lat' dir='ltr'><strong>qnerenee)</strong></span> <span class='ocrx_word' id='word_1_87' title='bbox 576 1687 743 1730; x_wconf 73' lang='lat' dir='ltr'><strong>quererentur</strong></span> <span class='ocrx_word' id='word_1_88' title='bbox 757 1674 883 1722; x_wconf 70' lang='lat' dir='ltr'><strong>aranon</strong></span> <span class='ocrx_word' id='word_1_89' title='bbox 898 1687 951 1720; x_wconf 84' lang='lat' dir='ltr'><strong>curn</strong></span> <span class='ocrx_word' id='word_1_90' title='bbox 964 1679 1020 1720; x_wconf 85' lang='lat' dir='ltr'><strong>notn</strong></span> <span class='ocrx_word' id='word_1_91' title='bbox 1029 1674 1118 1726; x_wconf 68' lang='lat' dir='ltr'><strong>uendit</strong></span> 
     </span>
     <span class='ocr_line' id='line_1_13' title="bbox 43 1747 575 1803; baseline 0.019 -15"><span class='ocrx_word' id='word_1_92' title='bbox 43 1747 200 1798; x_wconf 66' lang='lat' dir='ltr'><strong>recreauit.</strong></span> <span class='ocrx_word' id='word_1_93' title='bbox 229 1759 255 1792; x_wconf 84' lang='lat' dir='ltr'><strong>oe</strong></span> <span class='ocrx_word' id='word_1_94' title='bbox 271 1749 354 1803; x_wconf 81' lang='lat' dir='ltr'><strong>centio)</strong></span> <span class='ocrx_word' id='word_1_95' title='bbox 368 1762 389 1800; x_wconf 86' lang='lat' dir='ltr'><strong>o.</strong></span> <span class='ocrx_word' id='word_1_96' title='bbox 405 1765 427 1795; x_wconf 82' lang='lat' dir='ltr'><strong>o.</strong></span> <span class='ocrx_word' id='word_1_97' title='bbox 448 1751 575 1798; x_wconf 79' lang='lat' dir='ltr'><strong>uruuur.</strong></span> 
     </span>
    </p>
   </div>
   <div class='ocr_carea' id='block_1_4' title="bbox 40 1961 1118 4431">
    <p class='ocr_par' dir='ltr' id='par_1_4' title="bbox 40 1961 1118 4431">
     <span class='ocr_line' id='line_1_14' title="bbox 98 1961 1118 2037; baseline 0.01 -27"><span class='ocrx_word' id='word_1_98' title='bbox 98 1975 159 2011; x_wconf 83' lang='lat' dir='ltr'><strong>uere</strong></span> <span class='ocrx_word' id='word_1_99' title='bbox 173 1961 305 2024; x_wconf 77' lang='lat' dir='ltr'><strong>fulcone,</strong></span> <span class='ocrx_word' id='word_1_100' title='bbox 323 1980 376 2014; x_wconf 86' lang='lat' dir='ltr'><strong>non</strong></span> <span class='ocrx_word' id='word_1_101' title='bbox 394 1963 558 2037; x_wconf 75' lang='lat' dir='ltr'><strong>queremur)</strong></span> <span class='ocrx_word' id='word_1_102' title='bbox 594 1961 691 2017; x_wconf 82' lang='lat' dir='ltr'><strong>linuiri</strong></span> <span class='ocrx_word' id='word_1_103' title='bbox 709 1961 899 2015; x_wconf 82' lang='lat' dir='ltr'><strong>coniecturam</strong></span> <span class='ocrx_word' id='word_1_104' title='bbox 916 1969 1028 2018; x_wconf 78' lang='lat' dir='ltr'><strong>rccutna</strong></span> <span class='ocrx_word' id='word_1_105' title='bbox 1047 1979 1118 2020; x_wconf 85' lang='grc' dir='ltr'><strong>ιιιιιι.</strong></span> 
     </span>
     <span class='ocr_line' id='line_1_15' title="bbox 43 2049 1117 2130; baseline 0.007 -30"><span class='ocrx_word' id='word_1_106' title='bbox 43 2049 110 2114; x_wconf 74' lang='lat' dir='ltr'><strong>Quod</strong></span> <span class='ocrx_word' id='word_1_107' title='bbox 125 2051 154 2106; x_wconf 89' lang='lat' dir='ltr'><strong>in</strong></span> <span class='ocrx_word' id='word_1_108' title='bbox 172 2049 304 2106; x_wconf 74' lang='lat' dir='ltr'><strong>omniunt</strong></span> <span class='ocrx_word' id='word_1_109' title='bbox 322 2053 465 2107; x_wconf 75' lang='lat' dir='ltr'><strong>codicione</strong></span> <span class='ocrx_word' id='word_1_110' title='bbox 483 2059 526 2110; x_wconf 82' lang='lat' dir='ltr'><strong>ert</strong></span> <span class='ocrx_word' id='word_1_111' title='bbox 554 2054 624 2123; x_wconf 85' lang='lat' dir='ltr'><strong>(uiri</strong></span> <span class='ocrx_word' id='word_1_112' title='bbox 643 2055 717 2124; x_wconf 84' lang='lat' dir='ltr'><strong>qnod</strong></span> <span class='ocrx_word' id='word_1_113' title='bbox 743 2071 759 2106; x_wconf 91' lang='lat' dir='ltr'><strong>e</strong></span> <span class='ocrx_word' id='word_1_114' title='bbox 787 2053 864 2124; x_wconf 79' lang='lat' dir='ltr'><strong>Spin·</strong></span> <span class='ocrx_word' id='word_1_115' title='bbox 887 2061 1019 2110; x_wconf 72' lang='lat' dir='ltr'><strong>onoratur</strong></span> <span class='ocrx_word' id='word_1_116' title='bbox 1042 2073 1117 2130; x_wconf 66' lang='lat' dir='ltr'><strong>quw</strong></span> 
     </span>
     <span class='ocr_line' id='line_1_16' title="bbox 43 2144 1118 2222; baseline 0.013 -35"><span class='ocrx_word' id='word_1_117' title='bbox 43 2144 145 2208; x_wconf 80' lang='lat' dir='ltr'><strong>remur),</strong></span> <span class='ocrx_word' id='word_1_118' title='bbox 180 2161 256 2198; x_wconf 81' lang='lat' dir='ltr'><strong>nune</strong></span> <span class='ocrx_word' id='word_1_119' title='bbox 284 2144 408 2199; x_wconf 77' lang='lat' dir='ltr'><strong>defendit</strong></span> <span class='ocrx_word' id='word_1_120' title='bbox 425 2146 508 2208; x_wconf 85' lang='lat' dir='ltr'><strong>0tto;</strong></span> <span class='ocrx_word' id='word_1_121' title='bbox 544 2161 725 2222; x_wconf 73' lang='lat' dir='ltr'><strong>quereremur</strong></span> <span class='ocrx_word' id='word_1_122' title='bbox 749 2144 824 2199; x_wconf 90' lang='lat' dir='ltr'><strong>enim</strong></span> <span class='ocrx_word' id='word_1_123' title='bbox 849 2163 908 2200; x_wconf 79' lang='lat' dir='ltr'><strong>erro</strong></span> <span class='ocrx_word' id='word_1_124' title='bbox 925 2147 1050 2201; x_wconf 83' lang='lat' dir='ltr'><strong>rne&#39;cirtec</strong></span> <span class='ocrx_word' id='word_1_125' title='bbox 1067 2149 1118 2201; x_wconf 84' lang='lat' dir='ltr'><strong>uir</strong></span> 
     </span>
     <span class='ocr_line' id='line_1_17' title="bbox 41 2231 1118 2308; baseline 0.006 -22"><span class='ocrx_word' id='word_1_126' title='bbox 41 2233 144 2302; x_wconf 77' lang='lat' dir='ltr'><strong>tregru,</strong></span> <span class='ocrx_word' id='word_1_127' title='bbox 161 2253 225 2307; x_wconf 77' lang='lat' dir='ltr'><strong>quae</strong></span> <span class='ocrx_word' id='word_1_128' title='bbox 245 2239 334 2290; x_wconf 82' lang='lat' dir='ltr'><strong>uerba</strong></span> <span class='ocrx_word' id='word_1_129' title='bbox 351 2236 484 2308; x_wconf 74' lang='lat' dir='ltr'><strong>quioniam</strong></span> <span class='ocrx_word' id='word_1_130' title='bbox 504 2237 682 2308; x_wconf 69' lang='lat' dir='ltr'><strong>significant,</strong></span> <span class='ocrx_word' id='word_1_131' title='bbox 712 2237 838 2292; x_wconf 84' lang='lat' dir='ltr'><strong>animum</strong></span> <span class='ocrx_word' id='word_1_132' title='bbox 859 2255 893 2294; x_wconf 87' lang='lat' dir='ltr'><strong>eo</strong></span> <span class='ocrx_word' id='word_1_133' title='bbox 911 2231 1067 2302; x_wconf 85' lang='lat' dir='ltr'><strong>idciinare,</strong></span> <span class='ocrx_word' id='word_1_134' title='bbox 1086 2247 1118 2293; x_wconf 91' lang='lat' dir='ltr'><strong>nt</strong></span> 
     </span>
     <span class='ocr_line' id='line_1_18' title="bbox 42 2329 1116 2403; baseline 0.009 -27"><span class='ocrx_word' id='word_1_135' title='bbox 42 2334 184 2393; x_wconf 80' lang='lat' dir='ltr'><strong>queretur,</strong></span> <span class='ocrx_word' id='word_1_136' title='bbox 222 2331 296 2398; x_wconf 88' lang='lat' dir='ltr'><strong>quod</strong></span> <span class='ocrx_word' id='word_1_137' title='bbox 314 2331 458 2385; x_wconf 72' lang='lat' dir='ltr'><strong>sententie</strong></span> <span class='ocrx_word' id='word_1_138' title='bbox 483 2329 592 2384; x_wconf 81' lang='lat' dir='ltr'><strong>Piconir</strong></span> <span class='ocrx_word' id='word_1_139' title='bbox 617 2330 801 2384; x_wconf 86' lang='lat' dir='ltr'><strong>uehementer</strong></span> <span class='ocrx_word' id='word_1_140' title='bbox 827 2335 986 2403; x_wconf 74' lang='lat' dir='ltr'><strong>repugnat,</strong></span> <span class='ocrx_word' id='word_1_141' title='bbox 1021 2331 1116 2386; x_wconf 75' lang='lat' dir='ltr'><strong>nescio</strong></span> 
     </span>
     <span class='ocr_line' id='line_1_19' title="bbox 43 2417 1117 2498; baseline 0.009 -32"><span class='ocrx_word' id='word_1_142' title='bbox 43 2417 102 2470; x_wconf 87' lang='lat' dir='ltr'><strong>unde</strong></span> <span class='ocrx_word' id='word_1_143' title='bbox 116 2421 291 2476; x_wconf 79' lang='lat' dir='ltr'><strong>contrarium</strong></span> <span class='ocrx_word' id='word_1_144' title='bbox 310 2423 401 2476; x_wconf 83' lang='lat' dir='ltr'><strong>audiri</strong></span> <span class='ocrx_word' id='word_1_145' title='bbox 420 2423 514 2477; x_wconf 73' lang='lat' dir='ltr'><strong>iubata</strong></span> <span class='ocrx_word' id='word_1_146' title='bbox 552 2423 602 2475; x_wconf 79' lang='lat' dir='ltr'><strong>red</strong></span> <span class='ocrx_word' id='word_1_147' title='bbox 620 2423 754 2477; x_wconf 83' lang='lat' dir='ltr'><strong>notamur.</strong></span> <span class='ocrx_word' id='word_1_148' title='bbox 810 2425 911 2478; x_wconf 77' lang='lat' dir='ltr'><strong>batiae</strong></span> <span class='ocrx_word' id='word_1_149' title='bbox 935 2441 1117 2498; x_wconf 75' lang='lat' dir='ltr'><strong>quereremur</strong></span> 
     </span>
     <span class='ocr_line' id='line_1_20' title="bbox 43 2507 1115 2584; baseline 0.011 -26"><span class='ocrx_word' id='word_1_150' title='bbox 43 2507 83 2560; x_wconf 87' lang='lat' dir='ltr'><strong>diri</strong></span> <span class='ocrx_word' id='word_1_151' title='bbox 100 2529 150 2566; x_wconf 88' lang='lat' dir='ltr'><strong>uon</strong></span> <span class='ocrx_word' id='word_1_152' title='bbox 169 2523 263 2584; x_wconf 74' lang='lat' dir='ltr'><strong>potest</strong></span> <span class='ocrx_word' id='word_1_153' title='bbox 281 2515 334 2568; x_wconf 81' lang='lat' dir='ltr'><strong>uiri</strong></span> <span class='ocrx_word' id='word_1_154' title='bbox 361 2533 426 2570; x_wconf 89' lang='lat' dir='ltr'><strong>cnm</strong></span> <span class='ocrx_word' id='word_1_155' title='bbox 450 2513 630 2579; x_wconf 87' lang='lat' dir='ltr'><strong>condicione,</strong></span> <span class='ocrx_word' id='word_1_156' title='bbox 650 2516 731 2569; x_wconf 81' lang='lat' dir='ltr'><strong>uerbi</strong></span> <span class='ocrx_word' id='word_1_157' title='bbox 751 2533 865 2572; x_wconf 76' lang='lat' dir='ltr'><strong>cenaene</strong></span> <span class='ocrx_word' id='word_1_158' title='bbox 895 2517 922 2570; x_wconf 82' lang='lat' dir='ltr'><strong>ei</strong></span> <span class='ocrx_word' id='word_1_159' title='bbox 937 2517 1034 2570; x_wconf 85' lang='lat' dir='ltr'><strong>liceret</strong></span> <span class='ocrx_word' id='word_1_160' title='bbox 1051 2515 1115 2579; x_wconf 82' lang='lat' dir='ltr'><strong>(etei</strong></span> 
     </span>
     <span class='ocr_line' id='line_1_21' title="bbox 43 2597 1115 2682; baseline 0.008 -29"><span class='ocrx_word' id='word_1_161' title='bbox 43 2597 229 2667; x_wconf 66' lang='lat' dir='ltr'><strong>inmoderati</strong></span> <span class='ocrx_word' id='word_1_162' title='bbox 247 2606 347 2672; x_wconf 83' lang='lat' dir='ltr'><strong>liceat,</strong></span> <span class='ocrx_word' id='word_1_163' title='bbox 365 2625 420 2662; x_wconf 91' lang='lat' dir='ltr'><strong>non</strong></span> <span class='ocrx_word' id='word_1_164' title='bbox 439 2613 550 2674; x_wconf 81' lang='lat' dir='ltr'><strong>curat);</strong></span> <span class='ocrx_word' id='word_1_165' title='bbox 570 2623 604 2661; x_wconf 86' lang='lat' dir='ltr'><strong>ca</strong></span> <span class='ocrx_word' id='word_1_166' title='bbox 623 2615 719 2661; x_wconf 82' lang='lat' dir='ltr'><strong>nutem</strong></span> <span class='ocrx_word' id='word_1_167' title='bbox 736 2607 784 2662; x_wconf 85' lang='lat' dir='ltr'><strong>itio</strong></span> <span class='ocrx_word' id='word_1_168' title='bbox 801 2625 892 2679; x_wconf 87' lang='lat' dir='ltr'><strong>neque</strong></span> <span class='ocrx_word' id='word_1_169' title='bbox 909 2607 1003 2662; x_wconf 73' lang='lat' dir='ltr'><strong>neritia</strong></span> <span class='ocrx_word' id='word_1_170' title='bbox 1021 2609 1115 2682; x_wconf 83' lang='lat' dir='ltr'><strong>expri-</strong></span> 
     </span>
     <span class='ocr_line' id='line_1_22' title="bbox 43 2684 1115 2770; baseline 0.013 -28"><span class='ocrx_word' id='word_1_171' title='bbox 43 2684 216 2768; x_wconf 82' lang='lat' dir='ltr'><strong>miturrierpue</strong></span> <span class='ocrx_word' id='word_1_172' title='bbox 234 2697 421 2769; x_wconf 71' lang='lat' dir='ltr'><strong>significetur.</strong></span> <span class='ocrx_word' id='word_1_173' title='bbox 481 2701 563 2770; x_wconf 82' lang='lat' dir='ltr'><strong>Quod</strong></span> <span class='ocrx_word' id='word_1_174' title='bbox 582 2699 696 2770; x_wconf 82' lang='lat' dir='ltr'><strong>quidum</strong></span> <span class='ocrx_word' id='word_1_175' title='bbox 723 2717 904 2769; x_wconf 72' lang='lat' dir='ltr'><strong>quereremur</strong></span> <span class='ocrx_word' id='word_1_176' title='bbox 923 2702 987 2756; x_wconf 81' lang='lat' dir='ltr'><strong>tolli</strong></span> <span class='ocrx_word' id='word_1_177' title='bbox 1003 2703 1115 2767; x_wconf 86' lang='lat' dir='ltr'><strong>nolunt,</strong></span> 
     </span>
     <span class='ocr_line' id='line_1_23' title="bbox 43 2783 1113 2864; baseline 0.014 -32"><span class='ocrx_word' id='word_1_178' title='bbox 43 2783 100 2838; x_wconf 78' lang='lat' dir='ltr'><strong>talto</strong></span> <span class='ocrx_word' id='word_1_179' title='bbox 117 2789 180 2843; x_wconf 86' lang='lat' dir='ltr'><strong>huic</strong></span> <span class='ocrx_word' id='word_1_180' title='bbox 198 2793 314 2844; x_wconf 75' lang='lat' dir='ltr'><strong>tormer:</strong></span> <span class='ocrx_word' id='word_1_181' title='bbox 339 2810 404 2845; x_wconf 82' lang='lat' dir='ltr'><strong>uere</strong></span> <span class='ocrx_word' id='word_1_182' title='bbox 417 2793 531 2857; x_wconf 73' lang='lat' dir='ltr'><strong>folcone</strong></span> <span class='ocrx_word' id='word_1_183' title='bbox 547 2809 610 2845; x_wconf 89' lang='lat' dir='ltr'><strong>eam</strong></span> <span class='ocrx_word' id='word_1_184' title='bbox 628 2793 758 2846; x_wconf 80' lang='lat' dir='ltr'><strong>tribuunt</strong></span> <span class='ocrx_word' id='word_1_185' title='bbox 774 2789 1010 2863; x_wconf 76' lang='lat' dir='ltr'><strong>rignidcntionem</strong></span> <span class='ocrx_word' id='word_1_186' title='bbox 1031 2794 1113 2864; x_wconf 82' lang='lat' dir='ltr'><strong>dubi·</strong></span> 
     </span>
     <span class='ocr_line' id='line_1_24' title="bbox 42 2877 1112 2957; baseline 0.011 -29"><span class='ocrx_word' id='word_1_187' title='bbox 42 2877 148 2947; x_wconf 84' lang='lat' dir='ltr'><strong>tutioniu,</strong></span> <span class='ocrx_word' id='word_1_188' title='bbox 166 2900 226 2953; x_wconf 76' lang='lat' dir='ltr'><strong>qun</strong></span> <span class='ocrx_word' id='word_1_189' title='bbox 247 2883 277 2935; x_wconf 89' lang='lat' dir='ltr'><strong>iu</strong></span> <span class='ocrx_word' id='word_1_190' title='bbox 295 2885 349 2957; x_wconf 79' lang='lat' dir='ltr'><strong>truc</strong></span> <span class='ocrx_word' id='word_1_191' title='bbox 366 2883 454 2938; x_wconf 79' lang='lat' dir='ltr'><strong>inerte</strong></span> <span class='ocrx_word' id='word_1_192' title='bbox 474 2886 602 2938; x_wconf 79' lang='lat' dir='ltr'><strong>incuuarre</strong></span> <span class='ocrx_word' id='word_1_193' title='bbox 621 2903 657 2937; x_wconf 85' lang='grc' dir='ltr'><strong>ιιιι</strong></span> <span class='ocrx_word' id='word_1_194' title='bbox 675 2885 717 2938; x_wconf 83' lang='lat' dir='ltr'><strong>itu</strong></span> <span class='ocrx_word' id='word_1_195' title='bbox 733 2885 853 2938; x_wconf 75' lang='lat' dir='ltr'><strong>contient</strong></span> <span class='ocrx_word' id='word_1_196' title='bbox 871 2884 968 2948; x_wconf 79' lang='lat' dir='ltr'><strong>(dead.</strong></span> <span class='ocrx_word' id='word_1_197' title='bbox 988 2891 1026 2948; x_wconf 87' lang='grc' dir='ltr'><strong>ΙΙ,</strong></span> <span class='ocrx_word' id='word_1_198' title='bbox 1043 2885 1112 2953; x_wconf 69' lang='lat' dir='ltr'><strong>tid),</strong></span> 
     </span>
     <span class='ocr_line' id='line_1_25' title="bbox 43 2965 1113 3045; baseline 0.006 -21"><span class='ocrx_word' id='word_1_199' title='bbox 43 2965 120 3038; x_wconf 75' lang='lat' dir='ltr'><strong>itaque</strong></span> <span class='ocrx_word' id='word_1_200' title='bbox 137 2973 279 3029; x_wconf 80' lang='lat' dir='ltr'><strong>Uictorina</strong></span> <span class='ocrx_word' id='word_1_201' title='bbox 297 2978 397 3044; x_wconf 81' lang='lat' dir='ltr'><strong>(Uarr.</strong></span> <span class='ocrx_word' id='word_1_202' title='bbox 415 2978 505 3032; x_wconf 77' lang='lat' dir='ltr'><strong>Lecti.</strong></span> <span class='ocrx_word' id='word_1_203' title='bbox 524 2976 597 3042; x_wconf 81' lang='lat' dir='ltr'><strong>XV,</strong></span> <span class='ocrx_word' id='word_1_204' title='bbox 633 2977 683 3045; x_wconf 79' lang='lat' dir='ltr'><strong>la)</strong></span> <span class='ocrx_word' id='word_1_205' title='bbox 708 2984 736 3031; x_wconf 83' lang='lat' dir='ltr'><strong>et</strong></span> <span class='ocrx_word' id='word_1_206' title='bbox 761 2977 868 3032; x_wconf 77' lang='lat' dir='ltr'><strong>labium</strong></span> <span class='ocrx_word' id='word_1_207' title='bbox 892 2995 959 3032; x_wconf 86' lang='lat' dir='ltr'><strong>uere</strong></span> <span class='ocrx_word' id='word_1_208' title='bbox 981 2979 1113 3043; x_wconf 79' lang='lat' dir='ltr'><strong>suttune,-</strong></span> 
     </span>
     <span class='ocr_line' id='line_1_26' title="bbox 42 3062 1111 3141; baseline 0.008 -29"><span class='ocrx_word' id='word_1_209' title='bbox 42 3062 142 3118; x_wconf 77' lang='lat' dir='ltr'><strong>reditio</strong></span> <span class='ocrx_word' id='word_1_210' title='bbox 161 3067 333 3138; x_wconf 71' lang='lat' dir='ltr'><strong>significatio</strong></span> <span class='ocrx_word' id='word_1_211' title='bbox 352 3067 522 3122; x_wconf 82' lang='lat' dir='ltr'><strong>dierriminia</strong></span> <span class='ocrx_word' id='word_1_212' title='bbox 539 3069 675 3134; x_wconf 81' lang='lat' dir='ltr'><strong>tollendi,</strong></span> <span class='ocrx_word' id='word_1_213' title='bbox 696 3086 756 3141; x_wconf 75' lang='lat' dir='ltr'><strong>qun</strong></span> <span class='ocrx_word' id='word_1_214' title='bbox 775 3069 804 3122; x_wconf 88' lang='lat' dir='ltr'><strong>in</strong></span> <span class='ocrx_word' id='word_1_215' title='bbox 826 3087 861 3123; x_wconf 85' lang='lat' dir='ltr'><strong>ue</strong></span> <span class='ocrx_word' id='word_1_216' title='bbox 878 3069 1022 3140; x_wconf 82' lang='lat' dir='ltr'><strong>partiente</strong></span> <span class='ocrx_word' id='word_1_217' title='bbox 1039 3074 1065 3121; x_wconf 84' lang='lat' dir='ltr'><strong>rt</strong></span> <span class='ocrx_word' id='word_1_218' title='bbox 1082 3068 1111 3121; x_wconf 92' lang='lat' dir='ltr'><strong>in</strong></span> 
     </span>
     <span class='ocr_line' id='line_1_27' title="bbox 42 3149 1112 3230; baseline 0.008 -26"><span class='ocrx_word' id='word_1_219' title='bbox 42 3149 182 3212; x_wconf 72' lang='lat' dir='ltr'><strong>huiuamodi</strong></span> <span class='ocrx_word' id='word_1_220' title='bbox 201 3159 369 3214; x_wconf 79' lang='lat' dir='ltr'><strong>uertentium</strong></span> <span class='ocrx_word' id='word_1_221' title='bbox 390 3161 597 3215; x_wconf 84' lang='lat' dir='ltr'><strong>declaretiueru</strong></span> <span class='ocrx_word' id='word_1_222' title='bbox 616 3178 671 3214; x_wconf 91' lang='lat' dir='ltr'><strong>non</strong></span> <span class='ocrx_word' id='word_1_223' title='bbox 689 3160 781 3224; x_wconf 86' lang='lat' dir='ltr'><strong>cudit,</strong></span> <span class='ocrx_word' id='word_1_224' title='bbox 811 3171 840 3215; x_wconf 83' lang='lat' dir='ltr'><strong>ct</strong></span> <span class='ocrx_word' id='word_1_225' title='bbox 856 3161 1033 3214; x_wconf 78' lang='lat' dir='ltr'><strong>rnbabourde</strong></span> <span class='ocrx_word' id='word_1_226' title='bbox 1050 3160 1112 3230; x_wconf 81' lang='lat' dir='ltr'><strong>ipra</strong></span> 
     </span>
     <span class='ocr_line' id='line_1_28' title="bbox 43 3247 1112 3322; baseline 0.007 -25"><span class='ocrx_word' id='word_1_227' title='bbox 43 3259 77 3297; x_wconf 83' lang='grc' dir='ltr'><strong>ιιι</strong></span> <span class='ocrx_word' id='word_1_228' title='bbox 93 3247 128 3304; x_wconf 84' lang='grc' dir='ltr'><strong>ἰιι</strong></span> <span class='ocrx_word' id='word_1_229' title='bbox 145 3261 297 3305; x_wconf 80' lang='lat' dir='ltr'><strong>narratur:</strong></span> <span class='ocrx_word' id='word_1_230' title='bbox 317 3253 441 3309; x_wconf 78' lang='lat' dir='ltr'><strong>”dicitnr</strong></span> <span class='ocrx_word' id='word_1_231' title='bbox 458 3257 510 3306; x_wconf 80' lang='lat' dir='ltr'><strong>eut</strong></span> <span class='ocrx_word' id='word_1_232' title='bbox 527 3269 596 3306; x_wconf 90' lang='lat' dir='ltr'><strong>uere</strong></span> <span class='ocrx_word' id='word_1_233' title='bbox 614 3259 665 3306; x_wconf 83' lang='lat' dir='ltr'><strong>aut</strong></span> <span class='ocrx_word' id='word_1_234' title='bbox 684 3254 777 3306; x_wconf 83' lang='grc' dir='ltr'><strong>ΙιΙιο”</strong></span> <span class='ocrx_word' id='word_1_235' title='bbox 787 3271 796 3315; x_wconf 75' lang='lat'><em>3</em></span> <span class='ocrx_word' id='word_1_236' title='bbox 831 3268 898 3306; x_wconf 79' lang='lat' dir='ltr'><strong>nem</strong></span> <span class='ocrx_word' id='word_1_237' title='bbox 916 3253 995 3306; x_wconf 81' lang='lat' dir='ltr'><strong>inme</strong></span> <span class='ocrx_word' id='word_1_238' title='bbox 1012 3268 1064 3322; x_wconf 88' lang='lat' dir='ltr'><strong>per</strong></span> <span class='ocrx_word' id='word_1_239' title='bbox 1082 3269 1112 3304; x_wconf 82' lang='lat' dir='ltr'><strong>re</strong></span> 
     </span>
     <span class='ocr_line' id='line_1_29' title="bbox 43 3335 1111 3417; baseline 0.006 -25"><span class='ocrx_word' id='word_1_240' title='bbox 43 3335 179 3406; x_wconf 74' lang='lat' dir='ltr'><strong>aigniflcnri</strong></span> <span class='ocrx_word' id='word_1_241' title='bbox 197 3345 292 3408; x_wconf 85' lang='lat' dir='ltr'><strong>debet,</strong></span> <span class='ocrx_word' id='word_1_242' title='bbox 310 3351 370 3398; x_wconf 89' lang='lat' dir='ltr'><strong>tum</strong></span> <span class='ocrx_word' id='word_1_243' title='bbox 381 3345 461 3409; x_wconf 80' lang='lat' dir='ltr'><strong>addi,</strong></span> <span class='ocrx_word' id='word_1_244' title='bbox 479 3343 551 3398; x_wconf 83' lang='lat' dir='ltr'><strong>nihil</strong></span> <span class='ocrx_word' id='word_1_245' title='bbox 571 3345 606 3397; x_wconf 84' lang='lat' dir='ltr'><strong>ud</strong></span> <span class='ocrx_word' id='word_1_246' title='bbox 624 3359 684 3396; x_wconf 86' lang='lat' dir='ltr'><strong>rem</strong></span> <span class='ocrx_word' id='word_1_247' title='bbox 703 3343 856 3414; x_wconf 88' lang='lat' dir='ltr'><strong>pertinere,</strong></span> <span class='ocrx_word' id='word_1_248' title='bbox 875 3361 961 3417; x_wconf 83' lang='lat' dir='ltr'><strong>quern</strong></span> <span class='ocrx_word' id='word_1_249' title='bbox 979 3360 1050 3398; x_wconf 84' lang='lat' dir='ltr'><strong>uera</strong></span> <span class='ocrx_word' id='word_1_250' title='bbox 1066 3344 1111 3400; x_wconf 83' lang='lat' dir='ltr'><strong>eit.</strong></span> 
     </span>
     <span class='ocr_line' id='line_1_30' title="bbox 42 3427 1110 3512; baseline 0.012 -34"><span class='ocrx_word' id='word_1_251' title='bbox 42 3427 110 3486; x_wconf 82' lang='lat' dir='ltr'><strong>tiriae</strong></span> <span class='ocrx_word' id='word_1_252' title='bbox 126 3437 209 3489; x_wconf 70' lang='lat' dir='ltr'><strong>aerim</strong></span> <span class='ocrx_word' id='word_1_253' title='bbox 227 3438 306 3491; x_wconf 77' lang='lat' dir='ltr'><strong>unit:</strong></span> <span class='ocrx_word' id='word_1_254' title='bbox 324 3455 389 3490; x_wconf 79' lang='lat' dir='ltr'><strong>uere</strong></span> <span class='ocrx_word' id='word_1_255' title='bbox 405 3437 503 3502; x_wconf 79' lang='lat' dir='ltr'><strong>sclao,</strong></span> <span class='ocrx_word' id='word_1_256' title='bbox 520 3454 556 3490; x_wconf 90' lang='lat' dir='ltr'><strong>ne</strong></span> <span class='ocrx_word' id='word_1_257' title='bbox 572 3453 744 3512; x_wconf 77' lang='lat' dir='ltr'><strong>queremur,</strong></span> <span class='ocrx_word' id='word_1_258' title='bbox 780 3435 926 3504; x_wconf 87' lang='lat' dir='ltr'><strong>oratione,</strong></span> <span class='ocrx_word' id='word_1_259' title='bbox 953 3445 985 3490; x_wconf 87' lang='lat' dir='ltr'><strong>ut</strong></span> <span class='ocrx_word' id='word_1_260' title='bbox 1001 3435 1110 3507; x_wconf 85' lang='lat' dir='ltr'><strong>opinor,</strong></span> 
     </span>
     <span class='ocr_line' id='line_1_31' title="bbox 42 3526 1110 3600; baseline 0.011 -30"><span class='ocrx_word' id='word_1_261' title='bbox 42 3535 83 3574; x_wconf 89' lang='lat' dir='ltr'><strong>uon</strong></span> <span class='ocrx_word' id='word_1_262' title='bbox 100 3526 212 3596; x_wconf 70' lang='lat' dir='ltr'><strong>detine,</strong></span> <span class='ocrx_word' id='word_1_263' title='bbox 250 3545 342 3600; x_wconf 90' lang='lat' dir='ltr'><strong>neque</strong></span> <span class='ocrx_word' id='word_1_264' title='bbox 359 3529 435 3582; x_wconf 87' lang='lat' dir='ltr'><strong>enirn</strong></span> <span class='ocrx_word' id='word_1_265' title='bbox 453 3530 528 3599; x_wconf 83' lang='lat' dir='ltr'><strong>quod</strong></span> <span class='ocrx_word' id='word_1_266' title='bbox 547 3528 618 3582; x_wconf 80' lang='lat' dir='ltr'><strong>uelit</strong></span> <span class='ocrx_word' id='word_1_267' title='bbox 633 3528 704 3582; x_wconf 83' lang='lat' dir='ltr'><strong>notit</strong></span> <span class='ocrx_word' id='word_1_268' title='bbox 720 3547 772 3599; x_wconf 92' lang='lat' dir='ltr'><strong>pro</strong></span> <span class='ocrx_word' id='word_1_269' title='bbox 790 3531 859 3583; x_wconf 79' lang='lat' dir='ltr'><strong>uniit</strong></span> <span class='ocrx_word' id='word_1_270' title='bbox 875 3547 912 3582; x_wconf 81' lang='lat' dir='ltr'><strong>nu</strong></span> <span class='ocrx_word' id='word_1_271' title='bbox 929 3529 999 3583; x_wconf 80' lang='lat' dir='ltr'><strong>coiit</strong></span> <span class='ocrx_word' id='word_1_272' title='bbox 1017 3546 1110 3582; x_wconf 79' lang='lat' dir='ltr'><strong>cernue</strong></span> 
     </span>
     <span class='ocr_line' id='line_1_32' title="bbox 42 3611 1109 3694; baseline 0.007 -30"><span class='ocrx_word' id='word_1_273' title='bbox 42 3611 170 3674; x_wconf 78' lang='lat' dir='ltr'><strong>inuitierio</strong></span> <span class='ocrx_word' id='word_1_274' title='bbox 187 3619 296 3691; x_wconf 88' lang='lat' dir='ltr'><strong>recepit</strong></span> <span class='ocrx_word' id='word_1_275' title='bbox 317 3623 365 3686; x_wconf 82' lang='lat' dir='ltr'><strong>(ad</strong></span> <span class='ocrx_word' id='word_1_276' title='bbox 381 3625 436 3691; x_wconf 81' lang='lat' dir='ltr'><strong>Qu.</strong></span> <span class='ocrx_word' id='word_1_277' title='bbox 455 3623 502 3674; x_wconf 78' lang='lat' dir='ltr'><strong>Fr.</strong></span> <span class='ocrx_word' id='word_1_278' title='bbox 522 3623 582 3683; x_wconf 85' lang='grc' dir='ltr'><strong>ΙΙΙ,</strong></span> <span class='ocrx_word' id='word_1_279' title='bbox 598 3620 632 3685; x_wconf 86' lang='grc'><strong>8,</strong></span> <span class='ocrx_word' id='word_1_280' title='bbox 650 3621 698 3687; x_wconf 79' lang='lat' dir='ltr'><strong>d),</strong></span> <span class='ocrx_word' id='word_1_281' title='bbox 715 3624 900 3694; x_wconf 72' lang='lat' dir='ltr'><strong>progrediens</strong></span> <span class='ocrx_word' id='word_1_282' title='bbox 916 3623 953 3677; x_wconf 82' lang='grc' dir='ltr'><strong>ιΙι</strong></span> <span class='ocrx_word' id='word_1_283' title='bbox 973 3639 1017 3682; x_wconf 86' lang='lat' dir='ltr'><strong>eo,</strong></span> <span class='ocrx_word' id='word_1_284' title='bbox 1035 3621 1109 3692; x_wconf 87' lang='lat' dir='ltr'><strong>quod</strong></span> 
     </span>
     <span class='ocr_line' id='line_1_33' title="bbox 41 3705 1110 3783; baseline 0.013 -32"><span class='ocrx_word' id='word_1_285' title='bbox 41 3705 95 3757; x_wconf 80' lang='lat' dir='ltr'><strong>ertit</strong></span> <span class='ocrx_word' id='word_1_286' title='bbox 110 3712 174 3764; x_wconf 84' lang='lat' dir='ltr'><strong>notit</strong></span> <span class='ocrx_word' id='word_1_287' title='bbox 193 3731 245 3783; x_wconf 85' lang='lat' dir='ltr'><strong>pro</strong></span> <span class='ocrx_word' id='word_1_288' title='bbox 264 3731 312 3766; x_wconf 85' lang='lat' dir='ltr'><strong>reu</strong></span> <span class='ocrx_word' id='word_1_289' title='bbox 329 3715 400 3766; x_wconf 80' lang='lat' dir='ltr'><strong>uelit</strong></span> <span class='ocrx_word' id='word_1_290' title='bbox 417 3731 466 3767; x_wconf 83' lang='lat' dir='ltr'><strong>reu</strong></span> <span class='ocrx_word' id='word_1_291' title='bbox 483 3713 553 3766; x_wconf 82' lang='lat' dir='ltr'><strong>notit</strong></span> <span class='ocrx_word' id='word_1_292' title='bbox 570 3713 734 3780; x_wconf 76' lang='lat' dir='ltr'><strong>dicebatur,</strong></span> <span class='ocrx_word' id='word_1_293' title='bbox 753 3715 886 3770; x_wconf 91' lang='lat' dir='ltr'><strong>continno</strong></span> <span class='ocrx_word' id='word_1_294' title='bbox 904 3714 980 3768; x_wconf 83' lang='lat' dir='ltr'><strong>idern</strong></span> <span class='ocrx_word' id='word_1_295' title='bbox 997 3714 1034 3766; x_wconf 80' lang='lat' dir='ltr'><strong>ad</strong></span> <span class='ocrx_word' id='word_1_296' title='bbox 1051 3712 1110 3766; x_wconf 80' lang='lat' dir='ltr'><strong>aiio</strong></span> 
     </span>
     <span class='ocr_line' id='line_1_34' title="bbox 42 3796 1109 3877; baseline 0.013 -33"><span class='ocrx_word' id='word_1_297' title='bbox 42 3800 113 3854; x_wconf 81' lang='lat' dir='ltr'><strong>nerto</strong></span> <span class='ocrx_word' id='word_1_298' title='bbox 128 3811 155 3856; x_wconf 89' lang='lat' dir='ltr'><strong>et</strong></span> <span class='ocrx_word' id='word_1_299' title='bbox 169 3803 307 3859; x_wconf 77' lang='lat' dir='ltr'><strong>ednerbia</strong></span> <span class='ocrx_word' id='word_1_300' title='bbox 325 3807 473 3860; x_wconf 86' lang='lat' dir='ltr'><strong>traducere</strong></span> <span class='ocrx_word' id='word_1_301' title='bbox 491 3807 574 3872; x_wconf 88' lang='lat' dir='ltr'><strong>ticet,</strong></span> <span class='ocrx_word' id='word_1_302' title='bbox 610 3823 702 3877; x_wconf 84' lang='lat' dir='ltr'><strong>nequa</strong></span> <span class='ocrx_word' id='word_1_303' title='bbox 720 3825 752 3861; x_wconf 88' lang='lat' dir='ltr'><strong>er</strong></span> <span class='ocrx_word' id='word_1_304' title='bbox 771 3807 824 3862; x_wconf 85' lang='lat' dir='ltr'><strong>itin</strong></span> <span class='ocrx_word' id='word_1_305' title='bbox 847 3796 1109 3860; x_wconf 75' lang='lat' dir='ltr'><strong>oetert‘muuorum</strong></span> 
     </span>
     <span class='ocr_line' id='line_1_35' title="bbox 42 3895 1108 3970; baseline 0.011 -31"><span class='ocrx_word' id='word_1_306' title='bbox 42 3895 226 3951; x_wconf 79' lang='lat' dir='ltr'><strong>contrariorum</strong></span> <span class='ocrx_word' id='word_1_307' title='bbox 253 3899 313 3952; x_wconf 83' lang='lat' dir='ltr'><strong>rinc</strong></span> <span class='ocrx_word' id='word_1_308' title='bbox 345 3898 487 3970; x_wconf 80' lang='lat' dir='ltr'><strong>purtiruin</strong></span> <span class='ocrx_word' id='word_1_309' title='bbox 520 3898 733 3953; x_wconf 79' lang='lat' dir='ltr'><strong>enumeratione</strong></span> <span class='ocrx_word' id='word_1_310' title='bbox 757 3899 785 3952; x_wconf 88' lang='lat' dir='ltr'><strong>in</strong></span> <span class='ocrx_word' id='word_1_311' title='bbox 812 3898 1020 3969; x_wconf 76' lang='lat' dir='ltr'><strong>interrogation</strong></span> <span class='ocrx_word' id='word_1_312' title='bbox 1043 3913 1108 3951; x_wconf 82' lang='lat' dir='ltr'><strong>ora-</strong></span> 
     </span>
     <span class='ocr_line' id='line_1_36' title="bbox 41 3974 1109 4062; baseline -0.003 -17"><span class='ocrx_word' id='word_1_313' title='bbox 41 3974 119 4045; x_wconf 59' lang='lat' dir='ltr'><strong>done,</strong></span> <span class='ocrx_word' id='word_1_314' title='bbox 137 4005 195 4056; x_wconf 73' lang='lat' dir='ltr'><strong>nne</strong></span> <span class='ocrx_word' id='word_1_315' title='bbox 211 3993 298 4045; x_wconf 78' lang='lat' dir='ltr'><strong>dead.</strong></span> <span class='ocrx_word' id='word_1_316' title='bbox 317 3993 355 4052; x_wconf 90' lang='grc' dir='ltr'><strong>ΙΙ,</strong></span> <span class='ocrx_word' id='word_1_317' title='bbox 373 3991 411 4046; x_wconf 74' lang='grc'><strong>92</strong></span> <span class='ocrx_word' id='word_1_318' title='bbox 427 3989 578 4060; x_wconf 85' lang='lat' dir='ltr'><strong>reperitur,</strong></span> <span class='ocrx_word' id='word_1_319' title='bbox 598 3992 747 4062; x_wconf 84' lang='lat' dir='ltr'><strong>quicquam</strong></span> <span class='ocrx_word' id='word_1_320' title='bbox 767 3991 925 4045; x_wconf 82' lang='lat' dir='ltr'><strong>confluitur.</strong></span> <span class='ocrx_word' id='word_1_321' title='bbox 964 3990 1023 4044; x_wconf 81' lang='lat' dir='ltr'><strong>Nee</strong></span> <span class='ocrx_word' id='word_1_322' title='bbox 1040 3993 1109 4059; x_wconf 78' lang='lat' dir='ltr'><strong>epte</strong></span> 
     </span>
     <span class='ocr_line' id='line_1_37' title="bbox 40 4065 1107 4152; baseline 0.012 -31"><span class='ocrx_word' id='word_1_323' title='bbox 40 4065 80 4124; x_wconf 83' lang='lat' dir='ltr'><strong>iila</strong></span> <span class='ocrx_word' id='word_1_324' title='bbox 97 4077 259 4135; x_wconf 74' lang='lat' dir='ltr'><strong>detrectandi</strong></span> <span class='ocrx_word' id='word_1_325' title='bbox 276 4084 371 4136; x_wconf 79' lang='lat' dir='ltr'><strong>fornrn</strong></span> <span class='ocrx_word' id='word_1_326' title='bbox 399 4091 435 4139; x_wconf 82' lang='lat' dir='ltr'><strong>rt.</strong></span> <span class='ocrx_word' id='word_1_327' title='bbox 487 4081 606 4137; x_wconf 85' lang='lat' dir='ltr'><strong>Uidetnr</strong></span> <span class='ocrx_word' id='word_1_328' title='bbox 631 4101 685 4135; x_wconf 79' lang='lat' dir='ltr'><strong>noc</strong></span> <span class='ocrx_word' id='word_1_329' title='bbox 712 4089 774 4152; x_wconf 81' lang='lat' dir='ltr'><strong>port</strong></span> <span class='ocrx_word' id='word_1_330' title='bbox 804 4099 840 4135; x_wconf 84' lang='lat' dir='ltr'><strong>ne</strong></span> <span class='ocrx_word' id='word_1_331' title='bbox 864 4081 998 4136; x_wconf 76' lang='lat' dir='ltr'><strong>exciditne</strong></span> <span class='ocrx_word' id='word_1_332' title='bbox 1025 4089 1107 4136; x_wconf 82' lang='lat' dir='ltr'><strong>etex</strong></span> 
     </span>
     <span class='ocr_line' id='line_1_38' title="bbox 42 4158 1107 4245; baseline 0.012 -31"><span class='ocrx_word' id='word_1_333' title='bbox 42 4158 84 4216; x_wconf 85' lang='lat' dir='ltr'><strong>iroc</strong></span> <span class='ocrx_word' id='word_1_334' title='bbox 98 4167 153 4238; x_wconf 75' lang='lat' dir='ltr'><strong>ipro</strong></span> <span class='ocrx_word' id='word_1_335' title='bbox 170 4191 204 4226; x_wconf 78' lang='lat' dir='ltr'><strong>ne</strong></span> <span class='ocrx_word' id='word_1_336' title='bbox 222 4173 416 4230; x_wconf 78' lang='lat' dir='ltr'><strong>coniunctione</strong></span> <span class='ocrx_word' id='word_1_337' title='bbox 434 4179 515 4228; x_wconf 83' lang='lat' dir='ltr'><strong>ortua</strong></span> <span class='ocrx_word' id='word_1_338' title='bbox 532 4192 602 4229; x_wconf 77' lang='lat' dir='ltr'><strong>ecee.</strong></span> <span class='ocrx_word' id='word_1_339' title='bbox 655 4174 753 4228; x_wconf 79' lang='lat' dir='ltr'><strong>Potine</strong></span> <span class='ocrx_word' id='word_1_340' title='bbox 771 4181 867 4228; x_wconf 83' lang='lat' dir='ltr'><strong>temen</strong></span> <span class='ocrx_word' id='word_1_341' title='bbox 885 4175 1027 4245; x_wconf 79' lang='lat' dir='ltr'><strong>erpectnri</strong></span> <span class='ocrx_word' id='word_1_342' title='bbox 1053 4191 1107 4227; x_wconf 75' lang='lat' dir='ltr'><strong>non</strong></span> 
     </span>
     <span class='ocr_line' id='line_1_39' title="bbox 42 4265 1106 4339; baseline -0.002 -17"><span class='ocrx_word' id='word_1_343' title='bbox 42 4269 123 4324; x_wconf 60' lang='lat' dir='ltr'><strong>iim,</strong></span> <span class='ocrx_word' id='word_1_344' title='bbox 140 4279 192 4320; x_wconf 83' lang='lat' dir='ltr'><strong>uon</strong></span> <span class='ocrx_word' id='word_1_345' title='bbox 211 4266 387 4339; x_wconf 72' lang='lat' dir='ltr'><strong>negauerim.</strong></span> <span class='ocrx_word' id='word_1_346' title='bbox 412 4265 481 4337; x_wconf 72' lang='lat' dir='ltr'><strong>Qun</strong></span> <span class='ocrx_word' id='word_1_347' title='bbox 500 4267 536 4319; x_wconf 87' lang='lat' dir='ltr'><strong>de</strong></span> <span class='ocrx_word' id='word_1_348' title='bbox 551 4265 706 4322; x_wconf 80' lang='lat' dir='ltr'><strong>Democriti</strong></span> <span class='ocrx_word' id='word_1_349' title='bbox 719 4265 845 4322; x_wconf 68' lang='lat' dir='ltr'><strong>cecitate</strong></span> <span class='ocrx_word' id='word_1_350' title='bbox 857 4267 1016 4332; x_wconf 67' lang='lat' dir='ltr'><strong>(latinitat</strong></span> <span class='ocrx_word' id='word_1_351' title='bbox 1022 4267 1106 4320; x_wconf 77' lang='lat' dir='ltr'><strong>orrio-</strong></span> 
     </span>
     <span class='ocr_line' id='line_1_40' title="bbox 43 4345 1106 4431; baseline 0.003 -20"><span class='ocrx_word' id='word_1_352' title='bbox 43 4345 72 4396; x_wconf 79' lang='lat'><strong>⁸¹&#39;⁸</strong></span> <span class='ocrx_word' id='word_1_353' title='bbox 86 4351 160 4411; x_wconf 78' lang='lat' dir='ltr'><strong>Ture</strong></span> <span class='ocrx_word' id='word_1_354' title='bbox 181 4360 221 4421; x_wconf 79' lang='lat' dir='ltr'><strong>v,</strong></span> <span class='ocrx_word' id='word_1_355' title='bbox 246 4359 309 4428; x_wconf 77' lang='lat'><strong>11⁴)</strong></span> <span class='ocrx_word' id='word_1_356' title='bbox 329 4361 476 4426; x_wconf 77' lang='lat' dir='ltr'><strong>tabulate,</strong></span> <span class='ocrx_word' id='word_1_357' title='bbox 496 4359 531 4414; x_wconf 90' lang='lat' dir='ltr'><strong>de</strong></span> <span class='ocrx_word' id='word_1_358' title='bbox 548 4360 679 4431; x_wconf 69' lang='lat' dir='ltr'><strong>neglecta</strong></span> <span class='ocrx_word' id='word_1_359' title='bbox 696 4356 937 4429; x_wconf 75' lang='lat' dir='ltr'><strong>patrimonium</strong></span> <span class='ocrx_word' id='word_1_360' title='bbox 954 4359 1034 4417; x_wconf 78' lang='lat' dir='ltr'><strong>narie</strong></span> <span class='ocrx_word' id='word_1_361' title='bbox 1051 4360 1106 4414; x_wconf 76' lang='lat' dir='ltr'><strong>dn·</strong></span> 
     </span>
    </p>
   </div>
   <div class='ocr_carea' id='block_1_5' title="bbox 0 0 1382 4892">
    <p class='ocr_par' dir='ltr' id='par_1_5' title="bbox 0 0 1382 4892">
     <span class='ocr_line' id='line_1_41' title="bbox 0 0 1382 4892; baseline 0 0"><span class='ocrx_word' id='word_1_362' title='bbox 0 0 1382 4892; x_wconf 95' lang='lat' dir='ltr'><strong> </strong></span> 
     </span>
    </p>
   </div>
  </div>
 </body>
</html>
