2788 4886
478 315 733 386 PRAEFATIO.
1026 317 1152 386 XXIX

71 537 121 581 rur
142 517 182 580 ‹ie
208 538 251 582 en
273 535 391 583 nausea
422 514 560 602 loquor,
606 516 641 580 iu
663 537 728 602 quo
750 513 934 582 Goerenzio
958 529 1043 585 torte
1064 533 1153 588 otuu·

89 646 105 685 ιι
184 624 232 688 'i

70 625 86 688 d
109 636 417 796 mifiiestamtorem
438 733 473 794 in
496 729 560 795 hoo
584 750 706 816 genere
734 728 840 794 iniere
863 743 942 816 puto
965 732 1150 803 Palatinum

70 851 204 916 sentum,
225 860 245 901 e
264 840 377 925 quoin
399 840 513 925 quinto
532 857 690 902 maxume
711 833 799 901 libro
819 839 938 923 orepiua
955 840 1151 908 adnotantur

71 945 228 1030 scripturae
261 945 423 1011 bonorum
462 946 601 1032 propriae
633 945 729 1028 (quus
758 942 799 1010 ad
829 943 882 1022 V,
925 947 970 1009 89
993 947 1151 1035 conlegi),

71 1049 210 1136 idemque
235 1049 575 1132 1V‚i{tonmbonie
600 1051 763 1114 consentit
794 1051 933 1135 (tertio).
1002 1052 1041 1118 ln
1063 1057 1151 1138 prio·

70 1156 150 1220 ribos
169 1156 285 1240 libris,
322 1157 379 1221 obi
401 1157 513 1223 aderet
534 1155 608 1221 Pal.
636 1160 676 1237 1,
707 1153 868 1221 Gruterus
891 1157 978 1224 huno
1008 1175 1151 1228 oontem-

69 1265 164 1348 psiese
182 1264 337 1340 uidetur;
357 1263 391 1328 ΙΙ
411 1276 520 1329 tamen
534 1265 598 1328 108
618 1283 667 1327 ex
688 1283 729 1328 oo
753 1284 882 1349 quoqne
907 1247 1072 1350 protertur
1093 1289 1150 1334 uu·

71 1391 131 1432 rum
151 1371 265 1456 (quon
287 1371 410 1453 illim).

148 1474 185 1540 ln
210 1477 431 1544 deterioribur
459 1475 627 1542 codicibus
658 1477 720 1556 iit,
758 1478 813 1563 qui
844 1475 928 1543 nihil
957 1500 977 1544 e
1003 1479 1150 1547 meliori·

73 1577 124 1644 bur
152 1595 347 1665 traxerunt,
400 1583 499 1650 iaoilo
528 1581 753 1668 intellegitur,
795 1597 915 1672 praeter
944 1607 1150 1654 communem

75 1685 154 1754 iiiam
195 1691 462 1780 interpolationis
494 1703 528 1754 et
558 1690 750 1755 mendorum
782 1689 914 1771 labem,
959 1715 1023 1780 qua
1045 1717 1151 1782 genno

73 1799 250 1878 agnoscitur
279 1811 445 1886 tamquam
473 1809 571 1877 nota,
615 1810 649 1861 et
675 1817 803 1861 errores
834 1819 939 1864 nouos
970 1804 1063 1867 uarie
1093 1802 1150 1867 ud·

73 1906 200 1970 remisse
230 1919 263 1970 et
293 1906 479 1990 corrigendi
515 1915 665 1969 conatum
706 1904 869 1969 intertium
907 1903 1039 1993 longior
1076 1929 1149 1994 pro·

71 2033 208 2094 gressum
232 2033 327 2092 eree,
375 2010 472 2076 aliter
494 2013 528 2075 in
548 2009 645 2085 aliio3
671 2007 765 2073 uelut
785 2008 823 2084 1,
863 2011 924 2088 46,
970 2033 1067 2098 quonr
1089 2034 1149 2078 ox·

73 2118 193 2183 uidisset
215 2119 387 2198 nonum,
409 2119 526 2205 purtim
551 2117 657 2181 oratio
677 2135 792 2178 manea
808 2114 926 2180 relicta
946 2128 996 2197 at,
1031 2119 1162 2204 partim-

74 2223 205 2291 odiitum
228 2227 367 2302 domi,-
392 2227 428 2290 in
449 2222 494 2303 11,
514 2226 559 2287 Ἀ
577 2223 612 2286 iu
635 2219 802 2307 plerisque
823 2224 945 2288 oruiooa
967 2237 1054 2302 eunt,
1080 2245 1151 2311 quar

76 2333 157 2416 proci
178 2355 222 2398 ex
245 2336 396 2419 margine
413 2331 570 2418 principie
593 2330 819 2407 uetuerunt.¹)
867 2329 952 2396 Sunt
969 2332 1002 2395 in
1022 2329 1074 2394 hin
1094 2351 1151 2394 ue-

75 2439 163 2523 stigia
184 2439 332 2526 quaedum
360 2439 524 2528 propioris
556 2437 763 2523 cognationis
795 2447 957 2502 certorum
982 2437 1080 2502 huius
1102 2438 1150 2504 iu·

76 2544 163 2608 uiiiae
182 2545 456 2622 oodioum;ueiut
474 2545 621 2630 adparet,
640 2542 818 2607 editionem
840 2541 1021 2610 Romanam
1043 2541 1147 2609 multo

75 2655 182 2736 sepius
205 2675 280 2718 oum
311 2653 423 2718 oodioe
452 2662 565 2716 nostro
595 2649 774 2714 Puriaienoi
805 2653 1009 2730 consentire,
1052 2671 1150 2738 quam

75 2753 313 2836 coloniensem
333 2757 390 2823 aed
414 2778 519 2843 neque
543 2757 654 2844 magni
677 2758 833 2820 momenti
856 2755 925 2822 haro
940 2771 1017 2824 eunt
1039 2757 1079 2824 nd
1102 2759 1149 2822 in-

73 2865 258 2930 ueniendnm
290 2879 324 2930 et
354 2863 599 2951 ponderandum
635 2862 770 2928 familiar
793 2866 1032 2939 ¹‚testimonium
1059 2870 1151 2942 (uam

71 2971 132 3034 iere
159 2993 337 3055 paucorum
367 2993 387 3035 a
424 2973 556 3058 generis
595 2991 757 3035 couaensu
795 2969 1021 3036 aberrationea
1051 2969 1150 3034 faoile

70 3077 258 3165 iodioentur)
281 3101 389 3165 neque
421 3076 582 3164 explicari
621 3076 775 3141 dietinote
812 3089 951 3163 possunt
991 3078 1026 3140 in
1060 3087 1152 3140 tantu

69 3207 196 3266 eornm,
223 3186 280 3272 qui
303 3185 364 3250 hos
387 3184 515 3248 codices
537 3180 776 3262 adhibuerunt,
818 3181 1040 3269 neglegentia.
1086 3179 1153 3246 Itu·

73 3315 130 3378 que
153 3305 277 3356 tantum
302 3311 408 3376 pono,
437 3289 524 3353 inter
545 3290 689 3354 minume
711 3288 816 3354 maios
838 3310 912 3353 eoae
933 3287 1004 3354 Pal.
1023 3291 1046 3353 8
1066 3301 1099 3353 et
1120 3291 1153 3370 4,

72 3414 101 3463 et
119 3401 338 3464 Parisienaem
362 3407 509 3461 nostrum
532 3398 580 3481 (ru
607 3417 670 3482 quo
695 3394 747 3476 11,
790 3397 831 3460 ur
863 3416 924 3482 pro
957 3394 1016 3460 ubi
1036 3402 1075 3460 ut
1102 3408 1152 3460 eat

72 3511 136 3569 uiri
153 3516 209 3585 ut,
230 3507 264 3570 in
288 3505 406 3568 eeteriu
427 3501 645 3567 deterioribus
665 3521 740 3566 naut
762 3505 829 3583 ut),
853 3502 1008 3568 mutando
1027 3515 1061 3566 et
1082 3524 1152 3567 our·

73 3613 193 3700 rigentii
218 3623 338 3677 eonutu
357 3621 432 3694 poet
452 3607 499 3685 Εε
519 3608 619 3696 longe
640 3608 795 3694 progredi
816 3605 983 3674 Eiienaem
1006 3608 1152 3686 l(uelut

68 3717 123 3798 lv,
145 3722 167 3782 o
189 3711 371 3783 deuotionis
392 3711 553 3780 boninum
575 3721 688 3798 opinor
709 3715 934 3795 uoluminum),
967 3726 1035 3779 tum
1058 3735 1151 3793 uero,

67 3825 103 3888 de
126 3848 189 3911 qno
212 3825 335 3889 certius
359 3833 497 3902 constat,
518 3822 716 3887 Leidensem
741 3833 899 3902 nostrum,
922 3820 963 3888 ad
987 3843 1084 3906 quem
1106 3821 1151 3882 si-

68 3932 245 3998 militudine
269 3931 399 3995 edoedit
419 3928 589 3994 Palatinus
623 3925 785 3994 secundun
818 3929 892 4010 (eir.
923 3928 964 3994 ad
987 3927 1039 4006 V,
1082 3925 1151 4007 Ὦ).

66 4087 292 4106 ———

87 4181 114 4248 ¹)
131 4173 331 4234 liemonbilie
351 4173 499 4230 diuorum
510 4182 555 4228 ent
572 4173 604 4228 in
620 4173 670 4230 lib.
688 4174 726 4240 lt,
745 4179 789 4240 us,
805 4174 856 4228 ubi
874 4171 998 4228 Palatini
1017 4172 1153 4246 quinque,

130 4269 308 4326 Perioieneeo
327 4275 387 4324 tres
407 4269 449 4338 (t)
467 4266 604 4324 dicuntur
619 4266 727 4324 hahere
751 4267 901 4324 rameru
932 4267 980 4336 (nt
996 4265 1072 4336 Εξ),
1102 4281 1152 4318 no·

131 4363 184 4420 stri
203 4371 232 4420 ei
251 4363 324 4418 0¹1.
345 4371 405 4419 im
423 4361 530 4418 imunt
560 4363 748 4418 Themistocle.
