2720 4878
233 299 296 364 ιιι
543 243 969 358 ⁵ourvrn'rousoorr.

236 494 346 568 aiunt,
390 508 451 552 neo
483 487 685 551 occidentem
718 505 871 572 umquam
894 484 1039 550 uiderint
1063 505 1123 548 nee
1145 485 1323 560 orientem

236 599 293 684 qni
314 595 513 676 consumptis
536 593 742 679 patrimoniis
757 605 888 680 egeant.
930 589 1036 656 Nenro
1061 602 1207 690 nostrum
1227 593 1324 654 ietins

237 703 368 788 generis
387 712 498 764 arctor
521 698 661 764 iucunde
686 711 778 785 potat
799 699 925 762 ninere.
972 695 1128 778 Mundoe,
1152 695 1325 784 elegantis,

290 867 358 912 tatio·
373 889 399 902 -·
411 863 545 920 uranicae)
559 863 621 910 lton.
636 876 658 921 p.
672 863 720 907 tn.
776 861 902 921 elegantia)
922 864 1040 925 elt‘ratr'r
1055 863 1098 911 PB
1111 865 1147 918 (-
1160 870 1199 910 ter
1212 863 1247 918 tt)
1262 861 1324 908 aett-

237 945 321 1002 mttr
335 943 354 988 0

306 1093 338 1140 rrt
355 1085 447 1155 oirtnt)
472 1085 628 1140 Dicebatur
653 1083 728 1139 euim
745 1085 800 1138 troo
815 1085 904 1156 uolgo
922 1083 952 1138 iu
970 1083 1017 1149 iia,
1035 1083 1082 1157 qni
1100 1083 1227 1139 omnium
1244 1083 1324 1139 obiiti

238 1183 267 1234 et
277 1173 419 1251 ‘temporit
436 1177 570 1233 incuriori
585 1176 652 1232 uino
659 1214 670 1241 ,
690 1177 790 1249 epuiia,
809 1175 983 1231 lubidinibur
1001 1176 1201 1232 retruderent.
1236 1175 1322 1232 liaui-

238 1273 296 1327 aina
312 1272 380 1326 uitat
398 1267 522 1324 Athenai
543 1269 594 1326 lio.
611 1269 650 1324 vl
668 1289 695 1340 p.
717 1267 769 1324 27³
791 1269 813 1322 0
831 1268 877 1333 (de
895 1267 1075 1340 Sinindyride
1095 1268 1248 1341 Sybarita,
1269 1271 1324 1342 qni,

238 1381 323 1435 quom
341 1364 487 1416 fortunam
503 1379 584 1418 onom
606 1359 743 1426 iactent,
778 1359 855 1414 intra
871 1359 975 1432 uiginti
1001 1379 1089 1416 annor
1112 1381 1144 1416 ae
1169 1365 1259 1418 cotem
1278 1368 1324 1416 out

239 1457 378 1510 orientem
398 1459 448 1508 out
464 1452 637 1509 occidentem
655 1450 759 1508 uidieae
777 1449 923 1524 negauit),
960 1454 1019 1508 xn
1045 1453 1100 1508 52⁰
1125 1455 1148 1508 Δ
1175 1461 1204 1509 et
1222 1453 1277 1509 ⁵25
1294 1455 1324 1516 Β,

152 1594 156 1617 ,
238 1555 299 1600 ιιιιιι
320 1563 335 1597 e
353 1545 461 1601 Letinie
482 1547 618 1601 Catonem
635 1545 775 1602 Maiorem
793 1546 869 1618 apud
887 1545 987 1603 Seuer.
1005 1547 1096 1619 Epiri.
1112 1545 1164 1600 m
1175 1551 1205 1601 et
1215 1547 1324 1602 cotun.

290 1638 351 1693 rat.
399 1638 445 1692 lo.

238 1644 287 1710 ¹1¹
309 1639 446 1796 Moridor,
474 1729 612 1798 elegantia
629 1725 698 1795 dra.)
719 1727 793 1784 Mira
813 1729 901 1801 netgo
920 1729 950 1784 et
967 1745 1031 1784 rum
1049 1729 1195 1786 nutantia
1212 1731 1325 1786 interitu

237 1822 279 1876 ric
294 1823 354 1875 trec
372 1821 657 1893 interprrngebantnr,
676 1827 708 1876 nt
723 1819 856 1893 primum,
867 1823 927 1875 trec
944 1822 1120 1878 adhererent
1137 1824 1325 1893 anperioribnr

239 1913 359 1984 (itiitere,
376 1915 512 1982 munder),
532 1913 662 1986 adposita
679 1913 722 1978 (ut
740 1911 921 1984 grammatici
939 1914 1084 1982 locuntur)
1104 1914 1162 1970 iidie
1181 1918 1265 1970 irtior
1280 1933 1325 1986 gr·

127 2027 131 2034 ·
238 2008 316 2062 neria
333 2014 437 2080 pretor,
455 2023 544 2078 unque
565 2007 601 2061 ad
620 2007 776 2075 edificium.
813 2007 856 2060 Ea
874 2024 930 2077 quo
950 2007 1086 2071 coicitur,
1104 2013 1138 2062 ut
1155 2009 1326 2064 contundan-

238 2099 334 2156 turin
353 2119 442 2155 unum
461 2098 517 2153 duo
534 2115 641 2169 genere
661 2096 882 2162 luxuriorornnr,
901 2115 962 2172 qne
980 2099 1081 2154 Cicero
1091 2096 1248 2170 diligenter
1266 2119 1325 2154 roa·

238 2193 331 2248 trarie
349 2191 458 2264 potuit,
478 2193 602 2246 aiterum
621 2207 739 2258 eornm,
759 2207 830 2264 quoa
847 2188 980 2262 Epicurei
998 2191 1108 2262 fingere
1123 2193 1267 2258 rotebaat
1283 2211 1326 2263 pe·

240 2285 343 2340 cudnm
363 2283 423 2338 ritu
440 2281 582 2350 trinoctia,
608 2285 731 2338 alterurn
751 2299 868 2346 eornm,
906 2301 976 2354 quoa
995 2284 1096 2340 cicero
1116 2284 1188 2354 tingi
1205 2287 1326 2346 nolebat,

241 2395 304 2432 eum
324 2373 469 2448 elegantia
496 2376 619 2446 quedam
645 2377 674 2428 et
700 2375 851 2445 prurientia
874 2373 950 2430 inter
976 2393 1044 2446 oper
1071 2376 1224 2431 adfluentia
1249 2379 1326 2432 noin-

240 2469 350 2538 ptnteor
370 2465 520 2532 certantia,
547 2468 641 2538 qnetir
658 2466 716 2522 init
732 2467 860 2522 Tiroriuo
878 2469 988 2524 Batou·
1005 2468 1095 2536 (intre
1112 2469 1126 2537 t
1144 2468 1201 2533 ὦ).
1239 2472 1327 2542 Atque

240 2558 341 2612 cedern
362 2558 417 2614 dno
435 2573 543 2628 genero
564 2577 678 2628 prorem
705 2559 792 2616 rimiti
816 2562 901 2618 ruodo
926 2561 1074 2634 diatiagrrit
1099 2561 1200 2616 Cicero
1228 2562 1259 2618 in
1277 2563 1326 2617 Pie

240 2649 277 2704 ott
303 2655 331 2702 et
354 2649 397 2705 67.
444 2649 554 2704 Deinde
576 2652 796 2706 adnectobntnrt
835 2653 893 2708 Hor
919 2669 986 2722 ego
1012 2661 1105 2707 ototoa
1137 2653 1204 2706 dene
1225 2657 1327 2728 quiden

240 2740 335 2794 ttinere
353 2741 418 2807 dcc..
436 2757 496 2813 que
514 2740 555 2794 ric
573 2742 665 2811 potita
675 2743 832 2798 rreroranrio
851 2743 926 2798 idem
943 2743 1106 2817 rigniticare
1124 2747 1240 2812 debent,
1261 2747 1327 2820 qnod

242 2833 278 2884 de
295 2832 395 2886 iirdetn
413 2832 575 2888 nominituo
593 2842 659 2889 ttrite
677 2833 794 2890 dixeritt
814 2836 932 2891 iracunde
948 2840 1044 2892 ttinere
1061 2857 1136 2892 oeno
1152 2847 1246 2910 putat.
1286 2843 1329 2894 dt·

242 2923 290 2997 qui
308 2925 511 2981 dinerrirrurua
529 2928 589 2982 haro
606 2930 686 2994 runt;
724 2927 845 2982 iucunde
864 2927 940 2984 enirn
967 2931 1106 3002 etegentir
1131 2933 1197 2988 iiior
1223 2933 1328 2994 ninerr,
1358 2973 1359 2976 ,

242 3033 350 3087 nogore
369 3017 467 3072 Cicero
487 3033 541 3072 oon
561 3021 690 3090 poterntr
708 3027 736 3080 et
753 3025 810 3078 hoc
822 3024 914 3097 iprnnr
933 3025 1066 3090 attendit,
1084 3042 1145 3079 erre
1165 3027 1329 3083 inxurioror.
1358 3033 1359 3074 t

243 3107 293 3178 qni
318 3107 470 3164 iucundam
491 3110 581 3166 uitam
608 3113 709 3183 (quum
735 3119 876 3190 Epicuro·
899 3118 1003 3172 bonnm
1030 3125 1058 3170 et
1082 3118 1196 3172 beatum
1227 3123 1328 3187 puteo)

243 3199 311 3252 rotie
328 3205 545 3273 concoquuntur,
563 3206 612 3259 red
631 3212 726 3264 temen
745 3227 792 3264 eoa
809 3211 908 3264 norm
926 3226 943 3264 ιι
961 3211 1035 3262 bona
1053 3214 1082 3262 ot
1101 3209 1193 3263 beata.
1228 3213 1330 3265 Uerum

244 3289 452 3348 distinctionem
471 3296 557 3350 tacite
578 3305 640 3354 orat
659 3303 820 3368 fertilitate,
841 3319 925 3373 quom
943 3300 1098 3372 preaertiot
1115 3309 1194 3354 recte
1213 3302 1332 3374 acriptn-

243 3397 278 3434 ¹¹²
296 3381 452 3451 (vrgotnoo
471 3386 562 3443 totum
582 3391 610 3446 in
630 3399 746 3462 optumo
768 3394 839 3459 cod„
858 3396 905 3447 aed
926 3392 1011 3449 etiam
1031 3393 1059 3448 in
1077 3392 1169 3448 ιιιίιιιιι
1187 3394 1273 3448 doeio
1292 3414 1331 3449 re·

244 3471 386 3543 periretur
405 3484 480 3540 <mco
501 3481 531 3534 Μ
562 3490 591 3536 et
608 3484 651 3536 ed.
670 3485 696 3538 R
717 3493 746 3540 et
761 3487 832 3540 Uen.
851 3485 935 3552 uteo,
970 3487 1013 3542 01
1035 3505 1068 3552 χ,
1106 3485 1159 3539 Gai
1177 3487 1256 3543 (iud.
1278 3491 1333 3542 let

244 3566 316 3624 Beer
335 3565 371 3618 do
388 3567 448 3622 Eri.
468 3576 552 3638 tecet,
571 3592 605 3628 oe
626 3575 736 3632 dubitor
755 3579 791 3632 de
808 3579 896 3651 Spir.;
914 3578 1001 3633 reteri
1020 3579 1140 3634 editorer
1160 3579 1286 3652 turpiter
1302 3582 1334 3634 ri·

244 3658 328 3722 lent).
368 3658 424 3712 Sed
443 3679 487 3715 rer
506 3664 597 3720 rninna
615 3667 759 3735 latuisset,
789 3669 841 3724 niti
861 3668 959 3724 Ciroro
980 3667 1073 3725 rtndio
1093 3671 1251 3726 insectandi
1271 3675 1334 3746 Epi·

245 3765 345 3804 curum
365 3751 523 3808 orotioncrn
552 3761 649 3827 pantio
678 3761 798 3817 coierint
825 3761 990 3828 arrertisret,
1028 3782 1089 3836 qne
1115 3769 1157 3819 ric
1181 3769 1335 3838 procedere

246 3842 340 3914 potina
358 3844 496 3901 debebat:
532 3849 650 3903 dtrrndor
668 3853 720 3908 ἂι.
740 3881 775 3896 ·-
795 3855 914 3910 irrrrtude
930 3856 1025 3908 oirrere
1043 3857 1122 3923 dico,
1151 3859 1199 3924 (ut
1218 3875 1252 3912 ex
1272 3859 1334 3928 Epi·

245 3933 308 3989 turi
325 3937 466 3994 sententie
483 3943 652 4012 roprelrendi
670 3963 723 4003 non
737 3945 858 4016 pertint,
897 3955 1073 4019 rogaturque
1091 3949 1114 4002 ir
1133 3967 1233 4005 eornrn
1253 3953 1333 4006 notu·
1357 3959 1358 4026 p

246 4026 333 4098 ptatio
351 4047 521 4099 gennente
540 4035 632 4104 orpoti
652 4039 812 4104 r-oofiteritr
833 4039 897 4094 eddi
915 4047 1044 4112 poteratr
1064 4041 1130 4094 deoc
1147 4044 1244 4098 oirrere
1261 4063 1333 4098 orror·

246 4137 327 4192 «petunt
347 4123 468 4178 dixerim.
516 4125 573 4180 Sed
593 4128 663 4192 troc,
682 4131 755 4198 qnod
776 4131 868 4185 minuo
886 4133 922 4186 ad
940 4149 1001 4186 rona
1020 4132 1198 4203 pertinebat,
1236 4135 1334 4188 Cicero

247 4210 371 4283 oriripnit
389 4222 532 4289 turaqnorn
551 4217 705 4290 principato
732 4227 759 4274 et
777 4223 805 4276 itt
824 4231 989 4294 perseeutor
1008 4231 1067 4291 eutr
1085 4227 1133 4279 aed
1152 4232 1250 4282 temen
1275 4247 1334 4282 ιιι·

245 4302 334 4358 tentio
354 4307 478 4374 pctturct
497 4327 529 4366 ox
548 4312 682 4374 adiectis:
724 4331 756 4369 cr
774 4333 825 4394 pne
844 4313 914 4386 dre,
943 4315 1044 4394 quibua
1065 4317 1264 4394 significetur,
1293 4339 1334 4377 ror
