<?xml version="1.0" encoding="UTF-8"?>
<!DOCTYPE html PUBLIC "-//W3C//DTD XHTML 1.0 Transitional//EN"
    "http://www.w3.org/TR/xhtml1/DTD/xhtml1-transitional.dtd">
<html xmlns="http://www.w3.org/1999/xhtml" xml:lang="en" lang="en">
 <head>
  <title>
</title>
<meta http-equiv="Content-Type" content="text/html;charset=utf-8" />
  <meta name='ocr-system' content='tesseract 3.04.00' />
  <meta name='ocr-capabilities' content='ocr_page ocr_carea ocr_par ocr_line ocrx_word'/>
</head>
<body>
  <div class='ocr_page' id='page_1' title='image "./mtulliciceronis01madvgoog/mtulliciceronis01madvgoog_0386.png"; bbox 0 0 2688 4880; ppageno 0'>
   <div class='ocr_carea' id='block_1_1' title="bbox 293 294 1116 369">
    <p class='ocr_par' dir='ltr' id='par_1_1' title="bbox 293 294 1116 369">
     <span class='ocr_line' id='line_1_1' title="bbox 293 294 1116 369; baseline 0.009 -7"><span class='ocrx_word' id='word_1_1' title='bbox 293 294 354 363; x_wconf 83' lang='grc' dir='ltr'>ΕΤ</span> <span class='ocrx_word' id='word_1_2' title='bbox 376 295 487 365; x_wconf 70' lang='lat' dir='ltr'><strong>MAI..</strong></span> <span class='ocrx_word' id='word_1_3' title='bbox 508 295 594 364; x_wconf 83' lang='lat' dir='ltr'><strong>LIB.</strong></span> <span class='ocrx_word' id='word_1_4' title='bbox 615 295 649 364; x_wconf 90' lang='lat'>11</span> <span class='ocrx_word' id='word_1_5' title='bbox 671 295 768 366; x_wconf 80' lang='lat' dir='ltr'><strong>CAP.</strong></span> <span class='ocrx_word' id='word_1_6' title='bbox 788 301 841 367; x_wconf 72' lang='lat'>27.</span> <span class='ocrx_word' id='word_1_7' title='bbox 1050 305 1116 369; x_wconf 65' lang='lat' dir='ltr'><em>m</em></span> 
     </span>
    </p>
   </div>
   <div class='ocr_carea' id='block_1_2' title="bbox 44 491 1197 1228">
    <p class='ocr_par' dir='ltr' id='par_1_2' title="bbox 44 491 1197 1228">
     <span class='ocr_line' id='line_1_2' title="bbox 46 491 1112 579; baseline 0.007 -23"><span class='ocrx_word' id='word_1_8' title='bbox 46 493 133 579; x_wconf 81' lang='lat' dir='ltr'>igitar</span> <span class='ocrx_word' id='word_1_9' title='bbox 150 509 186 554; x_wconf 89' lang='lat' dir='ltr'>re</span> <span class='ocrx_word' id='word_1_10' title='bbox 207 511 226 554; x_wconf 81' lang='lat' dir='ltr'>a</span> <span class='ocrx_word' id='word_1_11' title='bbox 245 491 308 557; x_wconf 88' lang='lat' dir='ltr'>deo</span> <span class='ocrx_word' id='word_1_12' title='bbox 329 494 492 573; x_wconf 86' lang='lat' dir='ltr'>oineitor,</span> <span class='ocrx_word' id='word_1_13' title='bbox 523 495 552 557; x_wconf 82' lang='lat' dir='ltr'>ei</span> <span class='ocrx_word' id='word_1_14' title='bbox 574 496 769 559; x_wconf 72' lang='lat' dir='ltr'>aeternitate</span> <span class='ocrx_word' id='word_1_15' title='bbox 792 515 856 560; x_wconf 88' lang='lat' dir='ltr'>non</span> <span class='ocrx_word' id='word_1_16' title='bbox 880 495 1044 562; x_wconf 79' lang='lat' dir='ltr'>oinoitori</span> <span class='ocrx_word' id='word_1_17' title='bbox 1074 498 1112 563; x_wconf 87' lang='lat' dir='ltr'>ln</span> 
     </span>
     <span class='ocr_line' id='line_1_3' title="bbox 47 597 1111 688; baseline 0.009 -28"><span class='ocrx_word' id='word_1_18' title='bbox 47 620 99 684; x_wconf 79' lang='lat' dir='ltr'>qna</span> <span class='ocrx_word' id='word_1_19' title='bbox 122 597 195 684; x_wconf 86' lang='lat' dir='ltr'>qnid</span> <span class='ocrx_word' id='word_1_20' title='bbox 225 611 276 662; x_wconf 85' lang='lat' dir='ltr'>eet</span> <span class='ocrx_word' id='word_1_21' title='bbox 306 598 383 664; x_wconf 91' lang='lat' dir='ltr'>boni</span> <span class='ocrx_word' id='word_1_22' title='bbox 412 612 546 685; x_wconf 89' lang='lat' dir='ltr'>praeter</span> <span class='ocrx_word' id='word_1_23' title='bbox 575 621 737 664; x_wconf 86' lang='lat' dir='ltr'>earnmarn</span> <span class='ocrx_word' id='word_1_24' title='bbox 758 601 961 688; x_wconf 85' lang='lat' dir='ltr'>uoluptatem</span> <span class='ocrx_word' id='word_1_25' title='bbox 983 615 1016 668; x_wconf 92' lang='lat' dir='ltr'>et</span> <span class='ocrx_word' id='word_1_26' title='bbox 1038 627 1111 671; x_wconf 86' lang='lat' dir='ltr'>earn</span> 
     </span>
     <span class='ocr_line' id='line_1_4' title="bbox 46 702 1112 796; baseline 0.008 -28"><span class='ocrx_word' id='word_1_27' title='bbox 46 703 280 790; x_wconf 83' lang='lat' dir='ltr'>sempitemarni</span> <span class='ocrx_word' id='word_1_28' title='bbox 321 702 409 780; x_wconf 78' lang='lat' dir='ltr'>Quid</span> <span class='ocrx_word' id='word_1_29' title='bbox 442 725 522 789; x_wconf 82' lang='lat' dir='ltr'>ergo</span> <span class='ocrx_word' id='word_1_30' title='bbox 556 705 681 770; x_wconf 88' lang='lat' dir='ltr'>adtinet</span> <span class='ocrx_word' id='word_1_31' title='bbox 710 706 857 794; x_wconf 80' lang='lat' dir='ltr'>gloriose</span> <span class='ocrx_word' id='word_1_32' title='bbox 895 707 1007 796; x_wconf 86' lang='lat' dir='ltr'>loqui,</span> <span class='ocrx_word' id='word_1_33' title='bbox 1047 714 1112 776; x_wconf 84' lang='lat' dir='ltr'>nisi</span> 
     </span>
     <span class='ocr_line' id='line_1_5' title="bbox 46 808 1111 899; baseline 0.007 -25"><span class='ocrx_word' id='word_1_34' title='bbox 46 823 213 875; x_wconf 73' lang='lat' dir='ltr'>constanter</span> <span class='ocrx_word' id='word_1_35' title='bbox 235 809 391 896; x_wconf 78' lang='lat' dir='ltr'>loquarei</span> <span class='ocrx_word' id='word_1_36' title='bbox 410 808 448 876; x_wconf 90' lang='lat' dir='ltr'>ln</span> <span class='ocrx_word' id='word_1_37' title='bbox 475 810 646 897; x_wconf 88' lang='lat' dir='ltr'>uoluptate</span> <span class='ocrx_word' id='word_1_38' title='bbox 668 816 814 899; x_wconf 88' lang='lat' dir='ltr'>eorporie</span> <span class='ocrx_word' id='word_1_39' title='bbox 838 814 981 894; x_wconf 85' lang='lat' dir='ltr'>(addam,</span> <span class='ocrx_word' id='word_1_40' title='bbox 1000 818 1028 879; x_wconf 83' lang='lat' dir='ltr'>ri</span> <span class='ocrx_word' id='word_1_41' title='bbox 1048 819 1111 898; x_wconf 82' lang='lat' dir='ltr'>uie,</span> 
     </span>
     <span class='ocr_line' id='line_1_6' title="bbox 45 915 1112 1007; baseline 0.008 -28"><span class='ocrx_word' id='word_1_42' title='bbox 45 917 146 998; x_wconf 85' lang='lat' dir='ltr'>animi,</span> <span class='ocrx_word' id='word_1_43' title='bbox 174 917 252 981; x_wconf 86' lang='lat' dir='ltr'>dum</span> <span class='ocrx_word' id='word_1_44' title='bbox 277 937 317 980; x_wconf 88' lang='lat' dir='ltr'>ea</span> <span class='ocrx_word' id='word_1_45' title='bbox 336 919 429 1002; x_wconf 85' lang='lat' dir='ltr'>ipae,</span> <span class='ocrx_word' id='word_1_46' title='bbox 466 929 502 980; x_wconf 88' lang='lat' dir='ltr'>ot</span> <span class='ocrx_word' id='word_1_47' title='bbox 526 915 648 998; x_wconf 84' lang='lat' dir='ltr'>uoltis,</span> <span class='ocrx_word' id='word_1_48' title='bbox 680 921 724 982; x_wconf 81' lang='lat' dir='ltr'>ait</span> <span class='ocrx_word' id='word_1_49' title='bbox 747 941 766 982; x_wconf 89' lang='lat' dir='ltr'>e</span> <span class='ocrx_word' id='word_1_50' title='bbox 791 925 941 1007; x_wconf 85' lang='lat' dir='ltr'>corpore)</span> <span class='ocrx_word' id='word_1_51' title='bbox 958 921 1057 987; x_wconf 84' lang='lat' dir='ltr'>eitum</span> <span class='ocrx_word' id='word_1_52' title='bbox 1081 938 1112 988; x_wconf 84' lang='lat' dir='ltr'>et</span> 
     </span>
     <span class='ocr_line' id='line_1_7' title="bbox 46 1022 1113 1116; baseline 0.007 -31"><span class='ocrx_word' id='word_1_53' title='bbox 46 1026 140 1087; x_wconf 85' lang='lat' dir='ltr'>ninere</span> <span class='ocrx_word' id='word_1_54' title='bbox 161 1022 270 1087; x_wconf 86' lang='lat' dir='ltr'>beate.</span> <span class='ocrx_word' id='word_1_55' title='bbox 327 1022 437 1100; x_wconf 79' lang='lat' dir='ltr'>Quttt</span> <span class='ocrx_word' id='word_1_56' title='bbox 482 1025 578 1087; x_wconf 84' lang='lat' dir='ltr'>istarn</span> <span class='ocrx_word' id='word_1_57' title='bbox 600 1022 804 1110; x_wconf 85' lang='lat' dir='ltr'>uoluptatem</span> <span class='ocrx_word' id='word_1_58' title='bbox 826 1040 1017 1112; x_wconf 85' lang='lat' dir='ltr'>perpetuam</span> <span class='ocrx_word' id='word_1_59' title='bbox 1040 1033 1113 1116; x_wconf 81' lang='lat' dir='ltr'>quia</span> 
     </span>
     <span class='ocr_line' id='line_1_8' title="bbox 44 1129 1197 1228; baseline 0.008 -36"><span class='ocrx_word' id='word_1_60' title='bbox 44 1141 132 1216; x_wconf 77' lang='lat' dir='ltr'>potent</span> <span class='ocrx_word' id='word_1_61' title='bbox 155 1141 324 1216; x_wconf 78' lang='lat' dir='ltr'>praeetore</span> <span class='ocrx_word' id='word_1_62' title='bbox 347 1130 513 1216; x_wconf 77' lang='lat' dir='ltr'>eapientii</span> <span class='ocrx_word' id='word_1_63' title='bbox 552 1129 638 1195; x_wconf 88' lang='lat' dir='ltr'>Nam</span> <span class='ocrx_word' id='word_1_64' title='bbox 662 1129 781 1218; x_wconf 86' lang='lat' dir='ltr'>quibua</span> <span class='ocrx_word' id='word_1_65' title='bbox 797 1129 896 1196; x_wconf 82' lang='lat' dir='ltr'>rebus</span> <span class='ocrx_word' id='word_1_66' title='bbox 919 1131 1113 1201; x_wconf 85' lang='lat' dir='ltr'>eefioiuntur</span> <span class='ocrx_word' id='word_1_67' title='bbox 1195 1221 1197 1228; x_wconf 17' lang='grc' dir='ltr'><strong><em>Α</em></strong></span> 
     </span>
    </p>
   </div>
   <div class='ocr_carea' id='block_1_3' title="bbox 44 1235 1169 1643">
    <p class='ocr_par' dir='ltr' id='par_1_3' title="bbox 44 1235 1169 1643">
     <span class='ocr_line' id='line_1_9' title="bbox 44 1235 1110 1324; baseline 0.008 -26"><span class='ocrx_word' id='word_1_68' title='bbox 44 1235 229 1324; x_wconf 74' lang='lat' dir='ltr'>uoluptates,</span> <span class='ocrx_word' id='word_1_69' title='bbox 272 1257 331 1300; x_wconf 89' lang='lat' dir='ltr'>eae</span> <span class='ocrx_word' id='word_1_70' title='bbox 363 1257 428 1300; x_wconf 92' lang='lat' dir='ltr'>non</span> <span class='ocrx_word' id='word_1_71' title='bbox 454 1247 530 1300; x_wconf 82' lang='lat' dir='ltr'>aunt</span> <span class='ocrx_word' id='word_1_72' title='bbox 552 1239 585 1301; x_wconf 90' lang='lat' dir='ltr'>in</span> <span class='ocrx_word' id='word_1_73' title='bbox 608 1249 770 1324; x_wconf 80' lang='lat' dir='ltr'>potestate</span> <span class='ocrx_word' id='word_1_74' title='bbox 794 1239 965 1323; x_wconf 80' lang='lat' dir='ltr'>sapientia.</span> <span class='ocrx_word' id='word_1_75' title='bbox 1034 1239 1110 1306; x_wconf 89' lang='lat' dir='ltr'>Non</span> 
     </span>
     <span class='ocr_line' id='line_1_10' title="bbox 45 1341 1108 1429; baseline 0.008 -25"><span class='ocrx_word' id='word_1_76' title='bbox 45 1344 113 1406; x_wconf 87' lang='lat' dir='ltr'>enirn</span> <span class='ocrx_word' id='word_1_77' title='bbox 140 1343 173 1406; x_wconf 91' lang='lat' dir='ltr'>in</span> <span class='ocrx_word' id='word_1_78' title='bbox 201 1345 278 1429; x_wconf 81' lang='lat' dir='ltr'>ipsa</span> <span class='ocrx_word' id='word_1_79' title='bbox 299 1343 461 1425; x_wconf 76' lang='lat' dir='ltr'>sapientia</span> <span class='ocrx_word' id='word_1_80' title='bbox 482 1345 625 1426; x_wconf 77' lang='lat' dir='ltr'>potitum</span> <span class='ocrx_word' id='word_1_81' title='bbox 649 1356 680 1417; x_wconf 79' lang='lat' dir='ltr'>st</span> <span class='ocrx_word' id='word_1_82' title='bbox 701 1341 833 1408; x_wconf 81' lang='lat' dir='ltr'>beatum</span> <span class='ocrx_word' id='word_1_83' title='bbox 857 1364 950 1425; x_wconf 82' lang='lat' dir='ltr'>erae,</span> <span class='ocrx_word' id='word_1_84' title='bbox 992 1347 1049 1411; x_wconf 80' lang='lat' dir='ltr'>sed</span> <span class='ocrx_word' id='word_1_85' title='bbox 1074 1349 1108 1412; x_wconf 94' lang='lat' dir='ltr'>in</span> 
     </span>
     <span class='ocr_line' id='line_1_11' title="bbox 44 1446 1169 1536; baseline 0.01 -28"><span class='ocrx_word' id='word_1_86' title='bbox 44 1449 76 1510; x_wconf 83' lang='lat' dir='ltr'>iit</span> <span class='ocrx_word' id='word_1_87' title='bbox 93 1446 205 1529; x_wconf 78' lang='lat' dir='ltr'>reboo,</span> <span class='ocrx_word' id='word_1_88' title='bbox 241 1469 322 1534; x_wconf 83' lang='lat' dir='ltr'>quas</span> <span class='ocrx_word' id='word_1_89' title='bbox 342 1450 506 1535; x_wconf 74' lang='lat' dir='ltr'>rapientia</span> <span class='ocrx_word' id='word_1_90' title='bbox 526 1464 682 1536; x_wconf 84' lang='lat' dir='ltr'>conparat</span> <span class='ocrx_word' id='word_1_91' title='bbox 702 1449 744 1515; x_wconf 89' lang='lat' dir='ltr'>ad</span> <span class='ocrx_word' id='word_1_92' title='bbox 768 1449 984 1536; x_wconf 87' lang='lat' dir='ltr'>uoluptatem.</span> <span class='ocrx_word' id='word_1_93' title='bbox 1042 1452 1112 1518; x_wconf 86' lang='lat' dir='ltr'>To·</span> <span class='ocrx_word' id='word_1_94' title='bbox 1164 1483 1169 1500; x_wconf 93' lang='lat'><em>·</em></span> 
     </span>
     <span class='ocr_line' id='line_1_12' title="bbox 45 1555 1111 1643; baseline 0.008 -27"><span class='ocrx_word' id='word_1_95' title='bbox 45 1565 96 1618; x_wconf 88' lang='lat' dir='ltr'>toro</span> <span class='ocrx_word' id='word_1_96' title='bbox 117 1568 224 1620; x_wconf 84' lang='lat' dir='ltr'>autem</span> <span class='ocrx_word' id='word_1_97' title='bbox 249 1555 284 1620; x_wconf 89' lang='lat' dir='ltr'>id</span> <span class='ocrx_word' id='word_1_98' title='bbox 307 1567 500 1637; x_wconf 84' lang='lat' dir='ltr'>externum,</span> <span class='ocrx_word' id='word_1_99' title='bbox 539 1567 572 1620; x_wconf 90' lang='lat' dir='ltr'>et</span> <span class='ocrx_word' id='word_1_100' title='bbox 594 1557 679 1643; x_wconf 87' lang='lat' dir='ltr'>quod</span> <span class='ocrx_word' id='word_1_101' title='bbox 698 1567 895 1637; x_wconf 87' lang='lat' dir='ltr'>externum,</span> <span class='ocrx_word' id='word_1_102' title='bbox 921 1557 956 1621; x_wconf 88' lang='lat' dir='ltr'>id</span> <span class='ocrx_word' id='word_1_103' title='bbox 977 1559 1012 1623; x_wconf 91' lang='lat' dir='ltr'>in</span> <span class='ocrx_word' id='word_1_104' title='bbox 1033 1579 1111 1625; x_wconf 82' lang='lat' dir='ltr'>enen</span> 
     </span>
    </p>
   </div>
   <div class='ocr_carea' id='block_1_4' title="bbox 45 1775 1148 1987">
    <p class='ocr_par' dir='ltr' id='par_1_4' title="bbox 45 1775 1148 1987">
     <span class='ocr_line' id='line_1_13' title="bbox 84 1775 1112 1838; baseline 0.006 -18"><span class='ocrx_word' id='word_1_105' title='bbox 84 1777 113 1822; x_wconf 82' lang='lat' dir='ltr'>et.</span> <span class='ocrx_word' id='word_1_106' title='bbox 126 1776 149 1822; x_wconf 82' lang='lat' dir='ltr'>ir</span> <span class='ocrx_word' id='word_1_107' title='bbox 163 1777 220 1834; x_wconf 75' lang='lat' dir='ltr'>qna)</span> <span class='ocrx_word' id='word_1_108' title='bbox 236 1775 263 1820; x_wconf 72' lang='lat' dir='ltr'>te</span> <span class='ocrx_word' id='word_1_109' title='bbox 275 1788 321 1834; x_wconf 74' lang='lat' dir='ltr'>pne</span> <span class='ocrx_word' id='word_1_110' title='bbox 333 1776 376 1823; x_wconf 79' lang='lat' dir='ltr'>or.</span> <span class='ocrx_word' id='word_1_111' title='bbox 428 1776 536 1833; x_wconf 78' lang='lat' dir='ltr'>loquare)</span> <span class='ocrx_word' id='word_1_112' title='bbox 549 1776 649 1835; x_wconf 71' lang='lat' dir='ltr'>tapetii</span> <span class='ocrx_word' id='word_1_113' title='bbox 694 1777 723 1822; x_wconf 81' lang='lat' dir='ltr'>da</span> <span class='ocrx_word' id='word_1_114' title='bbox 735 1776 834 1832; x_wconf 80' lang='lat' dir='ltr'>uetnpt.)</span> <span class='ocrx_word' id='word_1_115' title='bbox 847 1775 930 1823; x_wconf 70' lang='lat' dir='ltr'>nodi²</span> <span class='ocrx_word' id='word_1_116' title='bbox 977 1783 1112 1838; x_wconf 82' lang='lat' dir='ltr'>eenrpore)</span> 
     </span>
     <span class='ocr_line' id='line_1_14' title="bbox 45 1851 1112 1915; baseline 0.005 -19"><span class='ocrx_word' id='word_1_117' title='bbox 45 1853 122 1906; x_wconf 72' lang='lat' dir='ltr'>tendet</span> <span class='ocrx_word' id='word_1_118' title='bbox 131 1865 235 1910; x_wconf 78' lang='lat' dir='ltr'>eorpore</span> <span class='ocrx_word' id='word_1_119' title='bbox 246 1851 314 1898; x_wconf 68' lang='lat' dir='ltr'>ladio</span> <span class='ocrx_word' id='word_1_120' title='bbox 325 1854 389 1909; x_wconf 77' lang='lat' dir='ltr'>qnod</span> <span class='ocrx_word' id='word_1_121' title='bbox 402 1858 428 1898; x_wconf 85' lang='lat' dir='ltr'>et</span> <span class='ocrx_word' id='word_1_122' title='bbox 442 1854 468 1897; x_wconf 77' lang='lat' dir='ltr'>tn</span> <span class='ocrx_word' id='word_1_123' title='bbox 484 1865 552 1910; x_wconf 77' lang='lat' dir='ltr'>eorp-</span> <span class='ocrx_word' id='word_1_124' title='bbox 565 1851 608 1898; x_wconf 74' lang='grc' dir='ltr'>ΡΒ</span> <span class='ocrx_word' id='word_1_125' title='bbox 640 1853 682 1907; x_wconf 74' lang='lat' dir='ltr'>ee)</span> <span class='ocrx_word' id='word_1_126' title='bbox 694 1853 739 1898; x_wconf 73' lang='lat' dir='ltr'>dee</span> <span class='ocrx_word' id='word_1_127' title='bbox 752 1853 774 1897; x_wconf 78' lang='lat' dir='ltr'>tt</span> <span class='ocrx_word' id='word_1_128' title='bbox 786 1851 824 1898; x_wconf 62' lang='grc' dir='ltr'>δα</span> <span class='ocrx_word' id='word_1_129' title='bbox 835 1853 937 1909; x_wconf 67' lang='lat' dir='ltr'>(Pmor.</span> <span class='ocrx_word' id='word_1_130' title='bbox 964 1859 1020 1900; x_wconf 82' lang='lat' dir='ltr'>nont</span> <span class='ocrx_word' id='word_1_131' title='bbox 1033 1855 1058 1901; x_wconf 86' lang='lat' dir='ltr'>in</span> <span class='ocrx_word' id='word_1_132' title='bbox 1071 1871 1112 1915; x_wconf 86' lang='lat' dir='ltr'>po-</span> 
     </span>
     <span class='ocr_line' id='line_1_15' title="bbox 45 1928 1148 1987; baseline 0.012 -19"><span class='ocrx_word' id='word_1_133' title='bbox 45 1928 96 1982; x_wconf 76' lang='lat' dir='ltr'>tet.)</span> <span class='ocrx_word' id='word_1_134' title='bbox 104 1935 156 1974; x_wconf 76' lang='lat' dir='ltr'>net</span> <span class='ocrx_word' id='word_1_135' title='bbox 166 1932 193 1974; x_wconf 81' lang='lat' dir='ltr'>tn</span> <span class='ocrx_word' id='word_1_136' title='bbox 202 1935 255 1986; x_wconf 73' lang='lat' dir='ltr'>pet.</span> <span class='ocrx_word' id='word_1_137' title='bbox 267 1935 326 1975; x_wconf 77' lang='lat' dir='ltr'>enat</span> <span class='ocrx_word' id='word_1_138' title='bbox 336 1929 393 1986; x_wconf 72' lang='lat' dir='ltr'>iio)</span> <span class='ocrx_word' id='word_1_139' title='bbox 407 1930 435 1973; x_wconf 82' lang='lat' dir='ltr'>in</span> <span class='ocrx_word' id='word_1_140' title='bbox 443 1935 494 1986; x_wconf 83' lang='lat' dir='ltr'>pot.</span> <span class='ocrx_word' id='word_1_141' title='bbox 507 1935 568 1974; x_wconf 79' lang='lat' dir='ltr'>erret</span> <span class='ocrx_word' id='word_1_142' title='bbox 580 1929 621 1975; x_wconf 74' lang='lat' dir='ltr'>or.</span> <span class='ocrx_word' id='word_1_143' title='bbox 664 1929 703 1985; x_wconf 82' lang='lat' dir='ltr'>tte)</span> <span class='ocrx_word' id='word_1_144' title='bbox 714 1930 754 1976; x_wconf 75' lang='lat' dir='ltr'>ite</span> <span class='ocrx_word' id='word_1_145' title='bbox 768 1929 788 1974; x_wconf 82' lang='lat'>1.</span> <span class='ocrx_word' id='word_1_146' title='bbox 829 1931 964 1987; x_wconf 79' lang='lat' dir='ltr'>externam)</span> <span class='ocrx_word' id='word_1_147' title='bbox 974 1939 1112 1980; x_wconf 68' lang='lat' dir='ltr'>extremam</span> <span class='ocrx_word' id='word_1_148' title='bbox 1145 1941 1148 1948; x_wconf 95' lang='grc'><strong>’</strong></span> 
     </span>
    </p>
   </div>
   <div class='ocr_carea' id='block_1_5' title="bbox 45 2001 151 2060">
    <p class='ocr_par' dir='ltr' id='par_1_5' title="bbox 45 2001 151 2060">
     <span class='ocr_line' id='line_1_16' title="bbox 45 2001 151 2060; baseline 0.019 -2"><span class='ocrx_word' id='word_1_149' title='bbox 45 2001 91 2048; x_wconf 70' lang='lat'>21¹⁰</span> <span class='ocrx_word' id='word_1_150' title='bbox 103 2004 151 2060; x_wconf 76' lang='lat' dir='ltr'>tto)</span> 
     </span>
    </p>
   </div>
   <div class='ocr_carea' id='block_1_6' title="bbox 45 2193 1114 4119">
    <p class='ocr_par' dir='ltr' id='par_1_6' title="bbox 45 2193 1112 2350">
     <span class='ocr_line' id='line_1_17' title="bbox 45 2193 1112 2264; baseline 0.009 -16"><span class='ocrx_word' id='word_1_151' title='bbox 45 2193 256 2264; x_wconf 71' lang='lat' dir='ltr'>timenreut,</span> <span class='ocrx_word' id='word_1_152' title='bbox 293 2197 321 2252; x_wconf 89' lang='lat' dir='ltr'>id</span> <span class='ocrx_word' id='word_1_153' title='bbox 342 2198 413 2252; x_wconf 85' lang='lat' dir='ltr'>milri</span> <span class='ocrx_word' id='word_1_154' title='bbox 433 2199 599 2254; x_wconf 79' lang='lat' dir='ltr'>adnotatam</span> <span class='ocrx_word' id='word_1_155' title='bbox 618 2215 674 2254; x_wconf 91' lang='lat' dir='ltr'>non</span> <span class='ocrx_word' id='word_1_156' title='bbox 696 2205 756 2261; x_wconf 89' lang='lat' dir='ltr'>eet,</span> <span class='ocrx_word' id='word_1_157' title='bbox 796 2214 849 2253; x_wconf 85' lang='lat' dir='ltr'>noe</span> <span class='ocrx_word' id='word_1_158' title='bbox 866 2197 961 2254; x_wconf 86' lang='lat' dir='ltr'>oredo.</span> <span class='ocrx_word' id='word_1_159' title='bbox 998 2200 1058 2256; x_wconf 79' lang='lat' dir='ltr'>cir.</span> <span class='ocrx_word' id='word_1_160' title='bbox 1077 2205 1112 2258; x_wconf 87' lang='lat' dir='ltr'>od</span> 
     </span>
     <span class='ocr_line' id='line_1_18' title="bbox 45 2285 125 2350; baseline 0.075 -14"><span class='ocrx_word' id='word_1_161' title='bbox 45 2285 76 2350; x_wconf 79' lang='lat' dir='ltr'>V,</span> <span class='ocrx_word' id='word_1_162' title='bbox 89 2286 125 2342; x_wconf 82' lang='lat' dir='ltr'>tt.</span> 
     </span>
    </p>

    <p class='ocr_par' dir='ltr' id='par_1_7' title="bbox 45 2380 1114 3468">
     <span class='ocr_line' id='line_1_19' title="bbox 96 2380 1113 2458; baseline 0.007 -24"><span class='ocrx_word' id='word_1_163' title='bbox 96 2380 135 2437; x_wconf 80' lang='lat' dir='ltr'>dii.</span> <span class='ocrx_word' id='word_1_164' title='bbox 168 2383 206 2436; x_wconf 76' lang='lat' dir='ltr'>Ire</span> <span class='ocrx_word' id='word_1_165' title='bbox 222 2399 279 2458; x_wconf 79' lang='lat' dir='ltr'>qao</span> <span class='ocrx_word' id='word_1_166' title='bbox 295 2383 361 2458; x_wconf 79' lang='lat' dir='ltr'>qnid</span> <span class='ocrx_word' id='word_1_167' title='bbox 379 2390 421 2437; x_wconf 83' lang='lat' dir='ltr'>eet</span> <span class='ocrx_word' id='word_1_168' title='bbox 437 2382 512 2450; x_wconf 80' lang='lat' dir='ltr'>doni)</span> <span class='ocrx_word' id='word_1_169' title='bbox 533 2383 688 2450; x_wconf 78' lang='lat' dir='ltr'>Contineo,</span> <span class='ocrx_word' id='word_1_170' title='bbox 725 2385 759 2437; x_wconf 77' lang='lat' dir='ltr'>nt</span> <span class='ocrx_word' id='word_1_171' title='bbox 777 2382 853 2447; x_wconf 82' lang='lat' dir='ltr'>diri,</span> <span class='ocrx_word' id='word_1_172' title='bbox 870 2385 1027 2440; x_wconf 73' lang='lat' dir='ltr'>eternitate</span> <span class='ocrx_word' id='word_1_173' title='bbox 1044 2388 1113 2441; x_wconf 81' lang='lat' dir='ltr'>irea-</span> 
     </span>
     <span class='ocr_line' id='line_1_20' title="bbox 46 2467 1113 2547; baseline 0.013 -29"><span class='ocrx_word' id='word_1_174' title='bbox 46 2467 124 2526; x_wconf 83' lang='lat' dir='ltr'>tioreot</span> <span class='ocrx_word' id='word_1_175' title='bbox 139 2474 224 2528; x_wconf 81' lang='lat' dir='ltr'>detrun</span> <span class='ocrx_word' id='word_1_176' title='bbox 241 2474 330 2540; x_wconf 83' lang='lat' dir='ltr'>eoiioi,</span> <span class='ocrx_word' id='word_1_177' title='bbox 349 2476 470 2530; x_wconf 84' lang='lat' dir='ltr'>attendit</span> <span class='ocrx_word' id='word_1_178' title='bbox 487 2475 673 2532; x_wconf 73' lang='lat' dir='ltr'>eternitatem</span> <span class='ocrx_word' id='word_1_179' title='bbox 689 2475 781 2547; x_wconf 78' lang='lat' dir='ltr'>ipram</span> <span class='ocrx_word' id='word_1_180' title='bbox 802 2475 873 2531; x_wconf 83' lang='lat' dir='ltr'>nihii</span> <span class='ocrx_word' id='word_1_181' title='bbox 892 2478 970 2532; x_wconf 84' lang='lat' dir='ltr'>aiind</span> <span class='ocrx_word' id='word_1_182' title='bbox 989 2479 1113 2545; x_wconf 74' lang='lat' dir='ltr'>adferre,</span> 
     </span>
     <span class='ocr_line' id='line_1_21' title="bbox 45 2559 1113 2642; baseline 0.014 -31"><span class='ocrx_word' id='word_1_183' title='bbox 45 2559 85 2614; x_wconf 77' lang='lat' dir='ltr'>riri</span> <span class='ocrx_word' id='word_1_184' title='bbox 99 2571 127 2618; x_wconf 90' lang='lat' dir='ltr'>nt</span> <span class='ocrx_word' id='word_1_185' title='bbox 142 2566 316 2636; x_wconf 72' lang='lat' dir='ltr'>sempiterna</span> <span class='ocrx_word' id='word_1_186' title='bbox 334 2567 371 2622; x_wconf 84' lang='lat' dir='ltr'>eit</span> <span class='ocrx_word' id='word_1_187' title='bbox 391 2571 541 2640; x_wconf 71' lang='lat' dir='ltr'>uoluptas,</span> <span class='ocrx_word' id='word_1_188' title='bbox 571 2570 626 2624; x_wconf 86' lang='lat' dir='ltr'>iroo</span> <span class='ocrx_word' id='word_1_189' title='bbox 645 2574 704 2634; x_wconf 80' lang='lat' dir='ltr'>eet,</span> <span class='ocrx_word' id='word_1_190' title='bbox 728 2568 866 2640; x_wconf 76' lang='lat' dir='ltr'>longiori·</span> <span class='ocrx_word' id='word_1_191' title='bbox 883 2571 1036 2642; x_wconf 54' lang='lat' dir='ltr'>tempori„</span> <span class='ocrx_word' id='word_1_192' title='bbox 1072 2573 1113 2626; x_wconf 85' lang='lat' dir='ltr'>ito</span> 
     </span>
     <span class='ocr_line' id='line_1_22' title="bbox 46 2649 1113 2734; baseline 0.006 -22"><span class='ocrx_word' id='word_1_193' title='bbox 46 2654 119 2722; x_wconf 66' lang='lat' dir='ltr'>sttui,</span> <span class='ocrx_word' id='word_1_194' title='bbox 142 2665 173 2712; x_wconf 81' lang='lat' dir='ltr'>ut</span> <span class='ocrx_word' id='word_1_195' title='bbox 193 2659 329 2731; x_wconf 78' lang='lat' dir='ltr'>temporie</span> <span class='ocrx_word' id='word_1_196' title='bbox 346 2678 483 2734; x_wconf 75' lang='lat' dir='ltr'>magnnnn</span> <span class='ocrx_word' id='word_1_197' title='bbox 500 2649 537 2716; x_wconf 81' lang='lat' dir='ltr'>eit</span> <span class='ocrx_word' id='word_1_198' title='bbox 555 2661 584 2715; x_wconf 86' lang='lat' dir='ltr'>in</span> <span class='ocrx_word' id='word_1_199' title='bbox 601 2663 689 2715; x_wconf 77' lang='lat' dir='ltr'>neate</span> <span class='ocrx_word' id='word_1_200' title='bbox 709 2661 769 2716; x_wconf 83' lang='lat' dir='ltr'>trita</span> <span class='ocrx_word' id='word_1_201' title='bbox 788 2669 972 2718; x_wconf 85' lang='lat' dir='ltr'>momentum.</span> <span class='ocrx_word' id='word_1_202' title='bbox 1008 2665 1113 2718; x_wconf 83' lang='lat' dir='ltr'>Paoiio</span> 
     </span>
     <span class='ocr_line' id='line_1_23' title="bbox 47 2745 1113 2824; baseline 0.014 -28"><span class='ocrx_word' id='word_1_203' title='bbox 47 2745 119 2801; x_wconf 85' lang='lat' dir='ltr'>ninoe</span> <span class='ocrx_word' id='word_1_204' title='bbox 134 2751 290 2822; x_wconf 75' lang='lat' dir='ltr'>diiigenter</span> <span class='ocrx_word' id='word_1_205' title='bbox 306 2753 392 2818; x_wconf 83' lang='lat' dir='ltr'>dixit,</span> <span class='ocrx_word' id='word_1_206' title='bbox 418 2753 448 2807; x_wconf 93' lang='lat' dir='ltr'>in</span> <span class='ocrx_word' id='word_1_207' title='bbox 468 2754 625 2808; x_wconf 75' lang='lat' dir='ltr'>eternitate</span> <span class='ocrx_word' id='word_1_208' title='bbox 643 2753 733 2807; x_wconf 80' lang='lat' dir='ltr'>inerte</span> <span class='ocrx_word' id='word_1_209' title='bbox 751 2770 881 2807; x_wconf 76' lang='lat' dir='ltr'>tammam</span> <span class='ocrx_word' id='word_1_210' title='bbox 896 2757 1068 2824; x_wconf 81' lang='lat' dir='ltr'>ooloptatm</span> <span class='ocrx_word' id='word_1_211' title='bbox 1085 2764 1113 2811; x_wconf 89' lang='lat' dir='ltr'>et</span> 
     </span>
     <span class='ocr_line' id='line_1_24' title="bbox 48 2845 1113 2918; baseline 0.01 -28"><span class='ocrx_word' id='word_1_212' title='bbox 48 2853 92 2890; x_wconf 75' lang='lat' dir='ltr'>eo·</span> <span class='ocrx_word' id='word_1_213' title='bbox 108 2845 314 2912; x_wconf 66' lang='lat' dir='ltr'>crepitantem,-</span> <span class='ocrx_word' id='word_1_214' title='bbox 332 2863 425 2916; x_wconf 79' lang='lat' dir='ltr'>neque</span> <span class='ocrx_word' id='word_1_215' title='bbox 442 2846 519 2900; x_wconf 85' lang='lat' dir='ltr'>enim</span> <span class='ocrx_word' id='word_1_216' title='bbox 536 2847 627 2918; x_wconf 78' lang='lat' dir='ltr'>ipram</span> <span class='ocrx_word' id='word_1_217' title='bbox 646 2848 822 2917; x_wconf 82' lang='lat' dir='ltr'>uoluptatem</span> <span class='ocrx_word' id='word_1_218' title='bbox 839 2847 981 2902; x_wconf 76' lang='lat' dir='ltr'>aeterniter</span> <span class='ocrx_word' id='word_1_219' title='bbox 1000 2849 1113 2902; x_wconf 79' lang='lat' dir='ltr'>adiere·</span> 
     </span>
     <span class='ocr_line' id='line_1_25' title="bbox 48 2927 1113 3010; baseline 0.007 -23"><span class='ocrx_word' id='word_1_220' title='bbox 48 2927 96 2996; x_wconf 73' lang='lat' dir='ltr'>itt,</span> <span class='ocrx_word' id='word_1_221' title='bbox 112 2937 156 2989; x_wconf 80' lang='lat' dir='ltr'>red</span> <span class='ocrx_word' id='word_1_222' title='bbox 174 2935 252 3002; x_wconf 82' lang='lat' dir='ltr'>eine,</span> <span class='ocrx_word' id='word_1_223' title='bbox 270 2936 295 2991; x_wconf 86' lang='lat' dir='ltr'>ei</span> <span class='ocrx_word' id='word_1_224' title='bbox 311 2938 431 3002; x_wconf 78' lang='lat' dir='ltr'>ederent,</span> <span class='ocrx_word' id='word_1_225' title='bbox 449 2939 720 3010; x_wconf 76' lang='lat' dir='ltr'>tempiternittttern3</span> <span class='ocrx_word' id='word_1_226' title='bbox 739 2940 787 2992; x_wconf 86' lang='lat' dir='ltr'>rod</span> <span class='ocrx_word' id='word_1_227' title='bbox 809 2956 894 3008; x_wconf 81' lang='lat' dir='ltr'>quom</span> <span class='ocrx_word' id='word_1_228' title='bbox 912 2941 967 2994; x_wconf 84' lang='lat' dir='ltr'>hoo</span> <span class='ocrx_word' id='word_1_229' title='bbox 986 2941 1113 2994; x_wconf 81' lang='lat' dir='ltr'>nocebo·</span> 
     </span>
     <span class='ocr_line' id='line_1_26' title="bbox 48 3021 1114 3103; baseline 0.014 -32"><span class='ocrx_word' id='word_1_230' title='bbox 48 3021 93 3076; x_wconf 84' lang='lat' dir='ltr'>ion</span> <span class='ocrx_word' id='word_1_231' title='bbox 109 3026 133 3080; x_wconf 87' lang='lat' dir='ltr'>ie</span> <span class='ocrx_word' id='word_1_232' title='bbox 150 3047 200 3084; x_wconf 84' lang='lat' dir='ltr'>orn</span> <span class='ocrx_word' id='word_1_233' title='bbox 227 3047 284 3084; x_wconf 89' lang='lat' dir='ltr'>non</span> <span class='ocrx_word' id='word_1_234' title='bbox 311 3039 401 3095; x_wconf 80' lang='lat' dir='ltr'>eeoet,</span> <span class='ocrx_word' id='word_1_235' title='bbox 437 3031 490 3086; x_wconf 88' lang='lat' dir='ltr'>iilo</span> <span class='ocrx_word' id='word_1_236' title='bbox 514 3034 606 3086; x_wconf 81' lang='lat' dir='ltr'>altero</span> <span class='ocrx_word' id='word_1_237' title='bbox 633 3032 717 3086; x_wconf 87' lang='lat' dir='ltr'>modo</span> <span class='ocrx_word' id='word_1_238' title='bbox 741 3032 852 3085; x_wconf 86' lang='lat' dir='ltr'>loentoe</span> <span class='ocrx_word' id='word_1_239' title='bbox 873 3033 924 3085; x_wconf 79' lang='lat' dir='ltr'>eet.</span> <span class='ocrx_word' id='word_1_240' title='bbox 978 3032 1114 3103; x_wconf 78' lang='lat' dir='ltr'>Adparet,</span> 
     </span>
     <span class='ocr_line' id='line_1_27' title="bbox 48 3119 1114 3187; baseline 0.008 -19"><span class='ocrx_word' id='word_1_241' title='bbox 48 3129 117 3180; x_wconf 76' lang='lat' dir='ltr'>prone</span> <span class='ocrx_word' id='word_1_242' title='bbox 133 3122 221 3176; x_wconf 86' lang='lat' dir='ltr'>onrnie</span> <span class='ocrx_word' id='word_1_243' title='bbox 239 3119 304 3176; x_wconf 86' lang='lat' dir='ltr'>inde</span> <span class='ocrx_word' id='word_1_244' title='bbox 320 3123 358 3177; x_wconf 81' lang='lat' dir='ltr'>trit</span> <span class='ocrx_word' id='word_1_245' title='bbox 372 3123 513 3187; x_wconf 81' lang='lat' dir='ltr'>Erneetio,</span> <span class='ocrx_word' id='word_1_246' title='bbox 530 3125 669 3178; x_wconf 82' lang='lat' dir='ltr'>Woiiero</span> <span class='ocrx_word' id='word_1_247' title='bbox 685 3131 801 3178; x_wconf 82' lang='lat' dir='ltr'>anctore</span> <span class='ocrx_word' id='word_1_248' title='bbox 819 3122 970 3178; x_wconf 85' lang='lat' dir='ltr'>etDaoieio</span> <span class='ocrx_word' id='word_1_249' title='bbox 987 3140 1114 3187; x_wconf 75' lang='lat' dir='ltr'>euenere,</span> 
     </span>
     <span class='ocr_line' id='line_1_28' title="bbox 48 3209 1113 3288; baseline 0.003 -20"><span class='ocrx_word' id='word_1_250' title='bbox 48 3209 184 3280; x_wconf 61' lang='lat' dir='ltr'>riphe:</span> <span class='ocrx_word' id='word_1_251' title='bbox 222 3216 251 3267; x_wconf 82' lang='lat' dir='ltr'>ia</span> <span class='ocrx_word' id='word_1_252' title='bbox 269 3233 342 3288; x_wconf 79' lang='lat' dir='ltr'>prro,</span> <span class='ocrx_word' id='word_1_253' title='bbox 379 3233 436 3286; x_wconf 78' lang='lat' dir='ltr'>qno</span> <span class='ocrx_word' id='word_1_254' title='bbox 454 3216 610 3270; x_wconf 74' lang='lat' dir='ltr'>motatione</span> <span class='ocrx_word' id='word_1_255' title='bbox 626 3213 718 3269; x_wconf 75' lang='lat' dir='ltr'>inania</span> <span class='ocrx_word' id='word_1_256' title='bbox 746 3215 872 3268; x_wconf 85' lang='lat' dir='ltr'>noticitnr</span> <span class='ocrx_word' id='word_1_257' title='bbox 893 3215 1024 3285; x_wconf 88' lang='lat' dir='ltr'>repetitio</span> <span class='ocrx_word' id='word_1_258' title='bbox 1044 3217 1113 3284; x_wconf 79' lang='lat' dir='ltr'>eine,</span> 
     </span>
     <span class='ocr_line' id='line_1_29' title="bbox 48 3304 1114 3378; baseline 0.009 -22"><span class='ocrx_word' id='word_1_259' title='bbox 48 3304 105 3366; x_wconf 77' lang='lat' dir='ltr'>qnod</span> <span class='ocrx_word' id='word_1_260' title='bbox 121 3307 222 3362; x_wconf 75' lang='lat' dir='ltr'>dietum</span> <span class='ocrx_word' id='word_1_261' title='bbox 240 3309 298 3362; x_wconf 83' lang='lat' dir='ltr'>iem</span> <span class='ocrx_word' id='word_1_262' title='bbox 316 3315 342 3363; x_wconf 82' lang='lat' dir='ltr'>et</span> <span class='ocrx_word' id='word_1_263' title='bbox 360 3309 493 3378; x_wconf 79' lang='lat' dir='ltr'>(Dempta</span> <span class='ocrx_word' id='word_1_264' title='bbox 511 3309 588 3376; x_wconf 68' lang='lat' dir='ltr'>dre).</span> <span class='ocrx_word' id='word_1_265' title='bbox 636 3306 796 3360; x_wconf 86' lang='lat' dir='ltr'>Uidendnm</span> <span class='ocrx_word' id='word_1_266' title='bbox 813 3306 899 3359; x_wconf 84' lang='lat' dir='ltr'>etiam</span> <span class='ocrx_word' id='word_1_267' title='bbox 919 3314 996 3370; x_wconf 81' lang='lat' dir='ltr'>erat,</span> <span class='ocrx_word' id='word_1_268' title='bbox 1016 3307 1044 3362; x_wconf 91' lang='lat' dir='ltr'>id</span> <span class='ocrx_word' id='word_1_269' title='bbox 1062 3311 1114 3366; x_wconf 85' lang='lat' dir='ltr'>ito·</span> 
     </span>
     <span class='ocr_line' id='line_1_30' title="bbox 48 3398 920 3468; baseline 0.008 -25"><span class='ocrx_word' id='word_1_270' title='bbox 48 3408 115 3460; x_wconf 89' lang='grc' dir='ltr'><strong>ιιιιιι,</strong></span> <span class='ocrx_word' id='word_1_271' title='bbox 131 3417 182 3468; x_wconf 79' lang='lat' dir='ltr'>qno</span> <span class='ocrx_word' id='word_1_272' title='bbox 200 3403 270 3455; x_wconf 88' lang='lat' dir='ltr'>dene</span> <span class='ocrx_word' id='word_1_273' title='bbox 290 3402 419 3466; x_wconf 81' lang='lat' dir='ltr'>fruatur,</span> <span class='ocrx_word' id='word_1_274' title='bbox 445 3406 559 3454; x_wconf 77' lang='lat' dir='ltr'>rectene</span> <span class='ocrx_word' id='word_1_275' title='bbox 577 3401 606 3450; x_wconf 82' lang='lat' dir='ltr'>in</span> <span class='ocrx_word' id='word_1_276' title='bbox 623 3399 674 3452; x_wconf 87' lang='lat' dir='ltr'>deo</span> <span class='ocrx_word' id='word_1_277' title='bbox 693 3415 752 3451; x_wconf 75' lang='lat' dir='ltr'>eree</span> <span class='ocrx_word' id='word_1_278' title='bbox 770 3398 920 3452; x_wconf 80' lang='lat' dir='ltr'>diceretur.</span> 
     </span>
    </p>

    <p class='ocr_par' dir='ltr' id='par_1_8' title="bbox 46 3491 1114 4119">
     <span class='ocr_line' id='line_1_31' title="bbox 103 3491 1113 3563; baseline 0.004 -21"><span class='ocrx_word' id='word_1_279' title='bbox 103 3491 136 3542; x_wconf 82' lang='lat' dir='ltr'>tit</span> <span class='ocrx_word' id='word_1_280' title='bbox 154 3509 167 3546; x_wconf 90' lang='lat' dir='ltr'>e</span> <span class='ocrx_word' id='word_1_281' title='bbox 182 3498 312 3562; x_wconf 82' lang='lat' dir='ltr'>corpore)</span> <span class='ocrx_word' id='word_1_282' title='bbox 331 3493 394 3559; x_wconf 73' lang='lat' dir='ltr'>ste,</span> <span class='ocrx_word' id='word_1_283' title='bbox 428 3494 463 3547; x_wconf 74' lang='lat' dir='ltr'>nt</span> <span class='ocrx_word' id='word_1_284' title='bbox 480 3491 587 3563; x_wconf 76' lang='lat' dir='ltr'>primos</span> <span class='ocrx_word' id='word_1_285' title='bbox 606 3493 679 3546; x_wconf 85' lang='lat' dir='ltr'>Dan.</span> <span class='ocrx_word' id='word_1_286' title='bbox 698 3491 803 3557; x_wconf 88' lang='lat' dir='ltr'>edidit,</span> <span class='ocrx_word' id='word_1_287' title='bbox 823 3491 907 3546; x_wconf 86' lang='lat' dir='ltr'>etiem</span> <span class='ocrx_word' id='word_1_288' title='bbox 925 3491 1000 3562; x_wconf 88' lang='lat' dir='ltr'>Spir.</span> <span class='ocrx_word' id='word_1_289' title='bbox 1019 3497 1047 3546; x_wconf 85' lang='lat' dir='ltr'>et</span> <span class='ocrx_word' id='word_1_290' title='bbox 1069 3493 1113 3546; x_wconf 84' lang='lat' dir='ltr'>tri-</span> 
     </span>
     <span class='ocr_line' id='line_1_32' title="bbox 48 3573 1113 3655; baseline 0.004 -21"><span class='ocrx_word' id='word_1_291' title='bbox 48 3573 114 3632; x_wconf 69' lang='lat' dir='ltr'>itinr</span> <span class='ocrx_word' id='word_1_292' title='bbox 131 3582 212 3638; x_wconf 71' lang='lat' dir='ltr'>initu</span> <span class='ocrx_word' id='word_1_293' title='bbox 230 3585 259 3640; x_wconf 87' lang='lat' dir='ltr'>in</span> <span class='ocrx_word' id='word_1_294' title='bbox 280 3586 342 3640; x_wconf 84' lang='lat' dir='ltr'>Pal.</span> <span class='ocrx_word' id='word_1_295' title='bbox 361 3586 397 3651; x_wconf 92' lang='lat' dir='ltr'>l,</span> <span class='ocrx_word' id='word_1_296' title='bbox 425 3603 508 3655; x_wconf 84' lang='lat' dir='ltr'>quern</span> <span class='ocrx_word' id='word_1_297' title='bbox 529 3585 669 3638; x_wconf 80' lang='lat' dir='ltr'>Gruternn</span> <span class='ocrx_word' id='word_1_298' title='bbox 687 3584 787 3639; x_wconf 83' lang='lat' dir='ltr'>ecribit</span> <span class='ocrx_word' id='word_1_299' title='bbox 806 3585 913 3638; x_wconf 82' lang='lat' dir='ltr'>habere</span> <span class='ocrx_word' id='word_1_300' title='bbox 929 3590 1055 3638; x_wconf 73' lang='lat' dir='ltr'>tentoni:</span> <span class='ocrx_word' id='word_1_301' title='bbox 1077 3587 1113 3638; x_wconf 83' lang='lat' dir='ltr'>eit</span> 
     </span>
     <span class='ocr_line' id='line_1_33' title="bbox 48 3671 1114 3752; baseline 0.002 -24"><span class='ocrx_word' id='word_1_302' title='bbox 48 3673 68 3716; x_wconf 65' lang='grc' dir='ltr'><strong><em>Ν</em></strong></span> <span class='ocrx_word' id='word_1_303' title='bbox 83 3688 191 3741; x_wconf 69' lang='lat' dir='ltr'>torpore.</span> <span class='ocrx_word' id='word_1_304' title='bbox 246 3679 395 3733; x_wconf 59' lang='lat' dir='ltr'>Ridebatur</span> <span class='ocrx_word' id='word_1_305' title='bbox 412 3677 503 3732; x_wconf 82' lang='lat' dir='ltr'>enirnr</span> <span class='ocrx_word' id='word_1_306' title='bbox 536 3678 608 3752; x_wconf 83' lang='lat' dir='ltr'>qood</span> <span class='ocrx_word' id='word_1_307' title='bbox 625 3683 653 3731; x_wconf 82' lang='lat' dir='ltr'>et</span> <span class='ocrx_word' id='word_1_308' title='bbox 676 3677 705 3728; x_wconf 84' lang='lat' dir='ltr'>in</span> <span class='ocrx_word' id='word_1_309' title='bbox 730 3695 804 3746; x_wconf 84' lang='lat' dir='ltr'>corp.</span> <span class='ocrx_word' id='word_1_310' title='bbox 825 3671 873 3744; x_wconf 87' lang='lat' dir='ltr'>(nt</span> <span class='ocrx_word' id='word_1_311' title='bbox 893 3677 921 3730; x_wconf 91' lang='lat' dir='ltr'>io</span> <span class='ocrx_word' id='word_1_312' title='bbox 940 3677 1005 3744; x_wconf 84' lang='lat' dir='ltr'>PR)</span> <span class='ocrx_word' id='word_1_313' title='bbox 1025 3685 1054 3730; x_wconf 85' lang='lat' dir='ltr'>et</span> <span class='ocrx_word' id='word_1_314' title='bbox 1073 3677 1114 3730; x_wconf 83' lang='lat' dir='ltr'>nin</span> 
     </span>
     <span class='ocr_line' id='line_1_34' title="bbox 46 3758 1114 3842; baseline 0.008 -31"><span class='ocrx_word' id='word_1_315' title='bbox 46 3758 144 3831; x_wconf 77' lang='lat' dir='ltr'>Pel.d;</span> <span class='ocrx_word' id='word_1_316' title='bbox 175 3769 375 3836; x_wconf 82' lang='lat' dir='ltr'>ceteril’ttli.,</span> <span class='ocrx_word' id='word_1_317' title='bbox 404 3771 518 3834; x_wconf 75' lang='lat' dir='ltr'>Mend,</span> <span class='ocrx_word' id='word_1_318' title='bbox 552 3771 618 3823; x_wconf 85' lang='lat' dir='ltr'>Par.</span> <span class='ocrx_word' id='word_1_319' title='bbox 636 3767 673 3834; x_wconf 73' lang='lat'>²,</span> <span class='ocrx_word' id='word_1_320' title='bbox 693 3787 747 3840; x_wconf 79' lang='grc' dir='ltr'>χψ,</span> <span class='ocrx_word' id='word_1_321' title='bbox 766 3772 841 3825; x_wconf 81' lang='lat' dir='ltr'>(iod.</span> <span class='ocrx_word' id='word_1_322' title='bbox 860 3771 894 3831; x_wconf 93' lang='lat'>1,</span> <span class='ocrx_word' id='word_1_323' title='bbox 914 3771 979 3824; x_wconf 81' lang='lat' dir='ltr'>Bae.</span> <span class='ocrx_word' id='word_1_324' title='bbox 997 3769 1069 3842; x_wconf 75' lang='lat' dir='ltr'>qnod</span> <span class='ocrx_word' id='word_1_325' title='bbox 1087 3775 1114 3820; x_wconf 83' lang='lat' dir='ltr'>et</span> 
     </span>
     <span class='ocr_line' id='line_1_35' title="bbox 47 3859 1114 3938; baseline 0.003 -30"><span class='ocrx_word' id='word_1_326' title='bbox 47 3867 159 3923; x_wconf 68' lang='lat' dir='ltr'>turpem</span> <span class='ocrx_word' id='word_1_327' title='bbox 191 3862 231 3926; x_wconf 76' lang='grc' dir='ltr'>Εξ</span> <span class='ocrx_word' id='word_1_328' title='bbox 249 3863 324 3938; x_wconf 78' lang='lat' dir='ltr'>pond</span> <span class='ocrx_word' id='word_1_329' title='bbox 341 3869 383 3916; x_wconf 82' lang='lat' dir='ltr'>eet</span> <span class='ocrx_word' id='word_1_330' title='bbox 403 3863 432 3915; x_wconf 84' lang='lat' dir='ltr'>io</span> <span class='ocrx_word' id='word_1_331' title='bbox 456 3879 586 3931; x_wconf 74' lang='lat' dir='ltr'>eorpore3</span> <span class='ocrx_word' id='word_1_332' title='bbox 624 3862 698 3916; x_wconf 77' lang='lat' dir='ltr'>(iud.</span> <span class='ocrx_word' id='word_1_333' title='bbox 718 3861 827 3936; x_wconf 62' lang='lat' dir='ltr'>dpeod</span> <span class='ocrx_word' id='word_1_334' title='bbox 845 3863 874 3914; x_wconf 82' lang='lat' dir='ltr'>io</span> <span class='ocrx_word' id='word_1_335' title='bbox 890 3877 1004 3929; x_wconf 69' lang='lat' dir='ltr'>corpore</span> <span class='ocrx_word' id='word_1_336' title='bbox 1021 3859 1053 3930; x_wconf 81' lang='lat' dir='ltr'>(i</span> <span class='ocrx_word' id='word_1_337' title='bbox 1072 3861 1114 3912; x_wconf 81' lang='lat' dir='ltr'>De</span> 
     </span>
     <span class='ocr_line' id='line_1_36' title="bbox 47 3951 1114 4023; baseline 0.001 -23"><span class='ocrx_word' id='word_1_338' title='bbox 47 3963 77 4010; x_wconf 71' lang='lat' dir='ltr'>tp</span> <span class='ocrx_word' id='word_1_339' title='bbox 94 3959 165 4006; x_wconf 89' lang='lat' dir='ltr'>errnt</span> <span class='ocrx_word' id='word_1_340' title='bbox 181 3955 291 4022; x_wconf 75' lang='lat' dir='ltr'>(deine).</span> <span class='ocrx_word' id='word_1_341' title='bbox 341 3957 408 4010; x_wconf 80' lang='lat' dir='ltr'>Mor</span> <span class='ocrx_word' id='word_1_342' title='bbox 426 3973 480 4008; x_wconf 80' lang='lat' dir='ltr'>ooo</span> <span class='ocrx_word' id='word_1_343' title='bbox 499 3961 562 4008; x_wconf 80' lang='lat' dir='ltr'>eant</span> <span class='ocrx_word' id='word_1_344' title='bbox 579 3955 608 4008; x_wconf 84' lang='lat' dir='ltr'>r&#39;n</span> <span class='ocrx_word' id='word_1_345' title='bbox 623 3961 683 4023; x_wconf 82' lang='lat' dir='ltr'>pot.</span> <span class='ocrx_word' id='word_1_346' title='bbox 700 3955 825 4009; x_wconf 76' lang='lat' dir='ltr'>naturali</span> <span class='ocrx_word' id='word_1_347' title='bbox 842 3955 996 4008; x_wconf 85' lang='lat' dir='ltr'>uerborum</span> <span class='ocrx_word' id='word_1_348' title='bbox 1015 3951 1114 4004; x_wconf 87' lang='lat' dir='ltr'>ordino</span> 
     </span>
     <span class='ocr_line' id='line_1_37' title="bbox 48 4040 1112 4119; baseline 0.004 -27"><span class='ocrx_word' id='word_1_349' title='bbox 48 4051 133 4094; x_wconf 75' lang='lat' dir='ltr'>nanee</span> <span class='ocrx_word' id='word_1_350' title='bbox 148 4055 207 4100; x_wconf 87' lang='lat' dir='ltr'>ente</span> <span class='ocrx_word' id='word_1_351' title='bbox 225 4045 340 4112; x_wconf 77' lang='lat' dir='ltr'>Gaium,</span> <span class='ocrx_word' id='word_1_352' title='bbox 358 4045 406 4119; x_wconf 86' lang='lat' dir='ltr'>qni</span> <span class='ocrx_word' id='word_1_353' title='bbox 423 4065 458 4102; x_wconf 83' lang='lat' dir='ltr'>er</span> <span class='ocrx_word' id='word_1_354' title='bbox 476 4049 537 4102; x_wconf 73' lang='lat' dir='ltr'>Eri·</span> <span class='ocrx_word' id='word_1_355' title='bbox 555 4053 584 4102; x_wconf 85' lang='lat' dir='ltr'>ot</span> <span class='ocrx_word' id='word_1_356' title='bbox 600 4047 675 4116; x_wconf 84' lang='lat' dir='ltr'>Spir.</span> <span class='ocrx_word' id='word_1_357' title='bbox 692 4047 824 4102; x_wconf 81' lang='lat' dir='ltr'>mutonit.</span> <span class='ocrx_word' id='word_1_358' title='bbox 854 4040 1039 4113; x_wconf 80' lang='lat' dir='ltr'>Erinngeneie</span> <span class='ocrx_word' id='word_1_359' title='bbox 1054 4044 1112 4096; x_wconf 77' lang='lat' dir='ltr'>eet-</span> 
     </span>
    </p>
   </div>
   <div class='ocr_carea' id='block_1_7' title="bbox 48 4133 1114 4318">
    <p class='ocr_par' dir='ltr' id='par_1_9' title="bbox 48 4133 1114 4318">
     <span class='ocr_line' id='line_1_38' title="bbox 48 4133 1114 4212; baseline 0.011 -35"><span class='ocrx_word' id='word_1_360' title='bbox 48 4135 94 4182; x_wconf 85' lang='lat' dir='ltr'>tear</span> <span class='ocrx_word' id='word_1_361' title='bbox 109 4137 289 4194; x_wconf 68' lang='lat' dir='ltr'>tutimoniotn</span> <span class='ocrx_word' id='word_1_362' title='bbox 301 4140 469 4212; x_wconf 73' lang='lat' dir='ltr'>ambignum</span> <span class='ocrx_word' id='word_1_363' title='bbox 487 4147 522 4196; x_wconf 86' lang='lat' dir='ltr'>et.</span> <span class='ocrx_word' id='word_1_364' title='bbox 558 4141 598 4194; x_wconf 78' lang='lat' dir='ltr'>iio</span> <span class='ocrx_word' id='word_1_365' title='bbox 610 4144 736 4196; x_wconf 79' lang='lat' dir='ltr'>extrema</span> <span class='ocrx_word' id='word_1_366' title='bbox 752 4141 837 4195; x_wconf 83' lang='lat' dir='ltr'>haina</span> <span class='ocrx_word' id='word_1_367' title='bbox 856 4135 957 4208; x_wconf 86' lang='lat' dir='ltr'>oapitie</span> <span class='ocrx_word' id='word_1_368' title='bbox 973 4133 1114 4190; x_wconf 81' lang='lat' dir='ltr'>eontentio</span> 
     </span>
     <span class='ocr_line' id='line_1_39' title="bbox 49 4219 338 4318; baseline 0.055 -48"><span class='ocrx_word' id='word_1_369' title='bbox 49 4219 338 4318; x_wconf 44' lang='lat' dir='ltr'>fflmnssiffi</span> 
     </span>
    </p>
   </div>
   <div class='ocr_carea' id='block_1_8' title="bbox 0 0 1351 4880">
    <p class='ocr_par' dir='ltr' id='par_1_10' title="bbox 0 0 1351 4880">
     <span class='ocr_line' id='line_1_40' title="bbox 0 0 1351 4880; baseline 0 0"><span class='ocrx_word' id='word_1_370' title='bbox 0 0 1351 4880; x_wconf 95' lang='lat' dir='ltr'> </span> 
     </span>
    </p>
   </div>
  </div>
 </body>
</html>
