3026 5610
468 194 527 261 ΕΤ
550 195 660 264 MAL.
681 195 766 263 ctu.
789 199 821 264 V
844 195 941 262 CAP.
962 201 1015 261 22.
1226 199 1290 262 725

195 412 346 488 ditorcru,
366 432 560 498 quemquam
581 418 629 480 rei
649 411 799 500 publicae
819 403 953 479 uostme
969 413 1100 504 profuit,
1120 434 1183 477 uon
1199 413 1288 477 odit'i

196 521 268 605 quis
293 515 385 580 urhis
408 533 673 584 conseruatorem
696 519 858 599 Codrum,
902 524 975 608 quis
1002 518 1177 582 Erechthei
1199 515 1286 582 filius

193 643 441 689 noumuxume
466 622 599 689 laudati
645 627 696 690 cui
719 623 844 689 Tubuli
878 647 995 690 nomen
1028 627 1102 690 odio
1127 646 1191 688 nou
1215 618 1287 688 ceti

194 731 267 815 quis
299 727 480 792 Aristidem
515 753 578 794 non
610 745 771 795 mortuum
796 731 926 818 diligiti
970 733 1024 796 Au
1049 728 1286 808 obliuiscimur,

192 849 314 922 quanto
348 856 447 920 opere
476 838 510 899 in
551 838 712 901 audiendo
744 835 814 924 [in]
846 837 1052 922 legendoque
1085 857 1286 915 moneamur,

194 961 292 1026 quom
314 943 389 1025 pie,
420 962 517 1026 quom
542 944 665 1019 amice,
690 965 789 1029 quum
812 964 931 1029 magno
955 945 1063 1006 unium
1090 941 1212 1031 aliquid
1236 944 1284 1007 ia·

197 1061 282 1136 ctum
304 1047 555 1131 cognoscimur!
578 1051 630 1113 63.
645 1046 733 1124 Quid
749 1047 865 1135 loquor
886 1049 925 1112 de
946 1047 1052 1126 nobis,
1072 1051 1127 1133 qui
1150 1048 1189 1112 ud
1212 1048 1283 1113 luu-

191 1153 267 1218 dem
290 1165 323 1216 et
343 1153 384 1215 od
411 1153 510 1244 decus
533 1157 619 1233 uoti,
662 1157 825 1240 suscepti,
870 1157 1010 1218 instituti
1032 1153 1166 1217 sumust
1214 1153 1281 1231 Qui

191 1257 353 1324 clamores
385 1255 477 1345 uolgi
501 1272 598 1346 etque
622 1262 838 1344 inperitorum
865 1264 1053 1324 excitantur
1074 1261 1107 1322 in
1133 1258 1282 1336 theatris,

191 1387 288 1452 quom
311 1363 369 1429 illa
390 1365 559 1428 dicuntur:

243 1517 389 1573 quemquem)
403 1517 567 1574 numpuemii
597 1517 648 1574 quie
663 1515 803 1575 urbiorum
819 1519 904 1565 reriir
918 1518 936 1562 (i
952 1520 1068 1565 ueriieE
1096 1527 1149 1584 [th]
1166 1541 1211 1574 on.
1226 1527 1282 1572 cnr

189 1592 242 1638 eine
257 1592 322 1637 oucie
337 1594 377 1637 0r.
430 1593 465 1636 m.
478 1592 569 1649 loquor)
583 1592 671 1652 loquer
685 1605 776 1647 omum,
794 1596 835 1640 0r.
862 1599 887 1638 ct
901 1595 939 1648 od)
954 1597 996 1652 qui
1009 1597 1076 1642 auk
1105 1603 1154 1658 qui)
1169 1606 1228 1660 quta
1240 1604 1281 1649 Lo

189 1731 323 1802 iegcruot
341 1729 481 1784 hieureiue
498 1731 532 1783 de
551 1748 638 1802 reguo
659 1733 725 1787 tiu.
746 1733 781 1796 ΙΙ,
800 1733 827 1798 9,
845 1733 933 1786 heret.
954 1734 1012 1788 mr.
1033 1737 1080 1800 Vi,
1099 1738 1132 1794 21
1154 1745 1182 1793 ct
1200 1741 1281 1811 liep-

188 1823 252 1877 uiue
271 1825 306 1898 uri
329 1824 459 1892 hpoiiorl.
479 1829 536 1888 111,
556 1822 609 1884 15,
629 1825 663 1888 t,
680 1825 803 1878 Ohoeru.
822 1843 848 1894 p.
869 1823 922 1878 889
941 1827 985 1878 ed.
1003 1825 1028 1878 2.
1064 1827 1150 1892 (Edi.
1170 1829 1280 1900 aliquot

190 1914 341 1974 Erichthei
362 1915 421 1967 Eri.
442 1913 592 1981 Erecthei.)
630 1915 671 1967 De
691 1917 807 1968 Tubulo
827 1915 932 1970 dictum
950 1924 976 1970 et
994 1918 1028 1970 oti
1050 1918 1087 1981 ii,
1105 1917 1148 1972 tt.

254 2025 308 2059 rou
333 2013 467 2058 murteum
492 2005 599 2074 attigit)
637 2009 701 2060 Bet.
725 2015 753 2060 ct
780 2008 855 2060 oud.
883 2008 898 2060 1
928 2010 956 2060 ci
983 2007 1121 2064 oditiouce
1148 2011 1275 2080 quedem

188 2101 286 2164 (iouh,
307 2099 395 2162 Crat,
414 2099 502 2162 ilum,
520 2097 620 2166 hbini)
639 2106 773 2151 mortrurm
792 2116 846 2151 rou
864 2098 976 2167 diligit,
993 2116 1082 2168 preuo
1101 2101 1217 2167 ordiner
1236 2101 1277 2156 cic

187 2190 262 2244 euim
281 2190 308 2243 io
328 2197 419 2243 morte
439 2205 536 2243 concert
557 2189 662 2244 amorio
691 2207 752 2243 orec
778 2190 909 2244 uideatur
939 2189 1041 2260 (uhter
1063 2190 1137 2246 cuim
1156 2193 1277 2248 diciturt

187 2282 436 2336 etiumrimoriuuo
454 2287 512 2347 ert,
551 2299 604 2334 uou
631 2289 720 2336 tumere
747 2282 836 2350 &o.);
877 2299 951 2336 nuuc
977 2283 1032 2336 hoo
1056 2282 1175 2339 diciturr
1213 2301 1277 2348 corr,

187 2375 269 2429 etiam
297 2381 362 2442 poet
391 2381 511 2439 mortem,
534 2373 655 2444 diligit?
690 2376 792 2429 Paullo
819 2376 883 2445 port
903 2374 931 2426 in
949 2375 1087 2428 audiendo
1107 2377 1279 2452 legendoque

189 2469 259 2524 (ixx.
281 2469 322 2532 112
339 2467 438 2519 otiero
454 2475 562 2520 ueteres
582 2469 656 2529 eriri„
676 2483 708 2518 cx
728 2465 819 2537 primu
838 2466 914 2520 Meu.
933 2473 961 2519 et
979 2466 1096 2533 Lhiuue,
1114 2473 1201 2530 recto,
1211 2468 1277 2548 ppi-

186 2577 248 2626 uor,
268 2557 382 2612 etiomei
399 2566 496 2612 contro
516 2558 640 2613 redirem
661 2558 845 2627 orchctypum
855 2577 865 2618 ‚·
884 2556 974 2628 odtigi
992 2575 1052 2611 rem
1071 2561 1107 2612 od
1127 2560 1163 2626 ii,
1185 2558 1229 2614 Μ.

255 2649 298 2705 ui.
336 2650 409 2714 Quid
427 2651 523 2724 loquor
542 2653 577 2704 rie
594 2651 687 2715 nobie)
715 2648 855 2718 Reprimit
881 2649 945 2702 Pico
965 2667 1076 2704 crrreum
1095 2650 1154 2705 ciue
1171 2650 1277 2707 cretio·

184 2743 246 2807 uie,
265 2740 293 2795 iu
314 2757 370 2812 que
387 2742 443 2795 iem
462 2751 503 2808 et,
539 2759 646 2813 regum
664 2741 700 2794 dc
718 2758 748 2794 rc
767 2745 796 2794 ot
813 2740 856 2794 eui
876 2739 1016 2794 similibus
1040 2759 1110 2811 opus
1129 2759 1190 2796 ereo
1209 2743 1273 2797 utet.
1381 2809 1385 2818 .

188 2838 289 2907 ltaque
306 2834 419 2904 scripti,
457 2841 487 2887 ut
512 2833 755 2904 hiorpemteruiue
782 2839 810 2886 et
827 2833 989 2887 Metthieue
1008 2831 1094 2887 ecrihi
1111 2834 1275 2897 uoluerunt,

184 2927 296 2982 Oreiiio
315 2934 344 2980 et
361 2927 425 2979 oiiio
445 2927 645 2996 prohuutihuer
672 2925 738 3001 quiri
755 2924 876 2993 loquor?
910 2925 1064 3000 Numquid
1082 2923 1205 2993 iopuori
1239 2923 1275 2976 rie

184 3021 282 3074 tuturo
301 3028 429 3089 tompore
444 3017 564 3082 dicitur,
585 3036 670 3088 quom
691 3025 741 3070 out
759 3033 863 3071 nouom
883 3033 943 3070 rem
962 3016 1141 3086 eitingeutce
1161 3013 1274 3068 dubito*

184 3128 258 3175 mue,
276 3129 343 3167 num
362 3110 599 3165 conmemorando
617 3109 663 3170 eit,
682 3113 732 3160 eut
750 3108 786 3159 tio
804 3121 847 3171 co,
866 3123 925 3177 que
938 3105 995 3159 ium
1013 3107 1162 3169 tractetur,
1181 3105 1274 3161 ticine

183 3203 268 3274 pluro
286 3203 420 3265 dicendo,
451 3211 482 3256 ut
500 3219 550 3272 pro
569 3200 641 3254 Suu.
660 3200 711 3254 ut:
731 3197 785 3250 Sed
805 3198 871 3272 quiri
889 3215 941 3266 ego
960 3197 995 3249 rie
1011 3197 1063 3251 ioo
1078 3199 1197 3266 pluro
1215 3198 1274 3251 du-

180 3295 302 3365 puiem?
336 3296 439 3349 Notum
460 3311 518 3347 rem
544 3295 691 3346 docleruct
709 3290 783 3343 iuter
802 3286 872 3345 elice
889 3289 1051 3343 Matthiem
1071 3297 1098 3345 et
1116 3291 1275 3345 Beucciriue

182 3389 219 3441 rui
239 3387 352 3440 Cutiiiu.
374 3388 425 3451 iv,
445 3386 496 3450 163
535 3385 606 3438 iiiurl
626 3391 720 3439 tomen
742 3400 795 3436 nou
815 3387 1018 3451 expoeucruut,
1055 3383 1104 3436 uhi
1122 3381 1164 3437 ite
1181 3383 1273 3438 oratic

182 3481 240 3534 ium
259 3487 359 3549 coepte
379 3478 543 3532 inhiberetur
562 3479 590 3530 oi
611 3475 796 3546 reprimetur,
833 3481 864 3528 ut
886 3474 981 3529 rtatim
1007 3477 1106 3530 eodem
1133 3476 1273 3542 conplexu

180 3571 336 3625 uerborum
356 3569 537 3642 adiungetur,
558 3567 622 3639 quid
641 3569 735 3638 potiur
754 3565 808 3620 dici
826 3567 915 3638 poerit
934 3584 967 3622 oc
985 3568 1096 3631 debunt,
1114 3563 1153 3619 ihi
1173 3565 1200 3618 in
1220 3565 1275 3618 hoc

180 3661 336 3734 portericre
362 3670 444 3736 purte
477 3663 566 3714 tutem
596 3676 656 3713 creo
681 3658 774 3714 futuri
802 3658 936 3730 temporie
962 3667 990 3714 et
1017 3660 1121 3713 future
1139 3656 1274 3711 orutiouir

179 3755 427 3826 significationem,
447 3761 477 3807 ut
497 3770 531 3807 eo
550 3753 635 3806 otium
654 3754 689 3806 od
709 3752 831 3822 priorem
850 3751 1050 3806 transferetur.
1086 3749 1175 3802 Recto
1188 3745 1275 3817 igitur

179 3848 286 3902 dicitur
303 3850 389 3902 Ture.
410 3853 432 3912 i,
451 3845 518 3900 1⁰82
529 3846 593 3898 'Seri
611 3845 677 3914 quiri
695 3845 869 3912 cingulorum
887 3841 1027 3909 opirrr'orree
1044 3840 1273 3902 auhuuduerturu,

181 3941 322 3994 notionum
341 3939 436 3994 uerior
455 3955 561 3992 errores
570 3939 729 4006 perspicere
745 3953 825 4011 qurum
836 3931 943 3986 licenti
960 3939 988 3986 ct
1006 3932 1041 3983 dc
1059 3931 1138 3985 Oroi.
1153 3937 1203 3996 111,
1221 3927 1273 3984 29:

179 4032 236 4086 Seri
255 4033 321 4106 quid
339 4049 391 4102 ego
422 4037 519 4084 cetero
537 4031 711 4104 conquiram,
747 4045 826 4102 quom
844 4025 912 4078 mihi
928 4023 1012 4074 liceat
1028 4023 1071 4076 cti
1090 4022 1273 4091 preceptione

180 4124 313 4194 exemptis
330 4132 413 4198 utque
431 4120 528 4178 uiuiei
545 4122 618 4178 Num
636 4129 755 4192 utroque
773 4121 835 4173 ioco
855 4114 1026 4186 corrigitur,
1045 4115 1191 4188 quodiam
1209 4115 1272 4172 fleri

179 4223 312 4290 coeptum
334 4219 368 4271 ei.
