2688 4880
303 293 363 360 ET
385 292 496 361 MAL.
517 289 603 360 Lm.
625 292 659 359 11
681 292 777 363 CAP.
801 299 851 363 lo.
1061 305 1125 370 24⁰

53 499 133 553 uerat
160 500 193 552 et
225 509 309 576 equo
340 489 483 556 admiaeo
511 491 547 553 iu
575 489 718 554 mediam
737 493 840 557 eciem
862 491 1057 560 Latinorum
1081 498 1125 562 ir·

96 653 206 708 lrmeloat)
214 655 352 710 premerer
364 655 384 701 lr

51 814 162 876 utuntur,
180 826 237 864 nou
255 825 323 864 raro
340 809 402 866 niue
418 807 579 880 pronomini
605 807 813 881 iuterrogatiuo
830 814 963 881 pendenti
980 814 1040 873 eine
1057 837 1126 892 par·

51 900 130 954 lieule
147 908 174 956 et
194 902 380 958 indicatiuonr
399 909 427 957 et
445 903 656 958 coniunctium
674 901 812 970 subiecit,
840 906 919 960 cuiue
936 912 978 966 rel
994 916 1126 985 exempla

52 993 236 1049 leelmmnua
256 993 383 1066 conlegit
401 992 444 1064 (in
463 994 558 1066 priore
576 994 658 1062 enit.)
685 1013 714 1066 p.
739 995 791 1062 113
827 997 950 1054 aliorum
976 1007 1125 1074 poetarum

51 1100 127 1152 pauco
149 1093 221 1140 runt.
272 1085 367 1142 Preea
401 1085 538 1141 orationi·
570 1085 721 1157 rcriptoree
751 1105 904 1158 numquam
929 1093 960 1147 iel
984 1096 1125 1154 lecerunt.

51 1177 153 1231 llemln
171 1196 228 1232 nno
247 1177 314 1232 lriui
330 1180 412 1245 loco,
452 1195 536 1249 quem
561 1178 691 1232 llanline
716 1180 857 1247 (Tureell.
884 1183 928 1251 ll,
963 1185 1030 1254 486)
1056 1189 1125 1246 cim
1166 1229 1168 1234 .

52 1268 111 1335 (ll,
130 1269 181 1332 lo,
201 1270 257 1323 1⁰2
295 1288 355 1346 φιιι
377 1278 522 1346 portqunm
541 1277 605 1324 erret
622 1271 722 1324 audita
739 1278 767 1326 et
783 1273 903 1343 uallique
918 1277 1056 1346 primores
1072 1299 1125 1352 po-

51 1341 108 1412 tien
124 1367 150 1414 et
164 1362 273 1430 priorr'e
289 1364 358 1416 anni
374 1365 500 1418 concedes
517 1365 708 1432 increparent,
743 1367 815 1440 meoet
834 1383 882 1419 eor
907 1367 1072 1440 largitiones
1089 1401 1125 1414 -

50 1453 115 1517 pcerl
129 1461 217 1506 errent
230 1455 320 1521 fieri,
357 1461 383 1508 et
400 1473 486 1509 eonor
510 1457 652 1518 consedet,
689 1457 762 1530 qnod
788 1465 978 1527 expectassent
995 1489 1047 1529 ·-,
1067 1469 1125 1518 torn

53 1543 245 1613 louincttne)
266 1547 449 1618 neglegentia
468 1549 590 1618 quedem
606 1547 649 1602 ita
666 1548 803 1619 acciplnm
827 1556 871 1612 et,
908 1559 1018 1608 mutato
1037 1553 1124 1612 etiam

51 1636 116 1689 uerbi
134 1645 279 1711 tempore,
317 1648 349 1694 ut
368 1640 404 1694 acl
424 1641 546 1694 alterum
574 1641 696 1694 uerbum
721 1657 776 1694 non
798 1648 947 1716 pcrtquem
971 1645 1123 1715 pertineat,

51 1729 104 1794 ul,
118 1732 187 1800 quorl
204 1728 348 1786 cententio
364 1730 616 1808 postulet,q1mm,
635 1731 720 1804 idque
737 1749 753 1786 e
769 1739 915 1809 postquam
931 1735 1124 1810 intellegendo

51 1829 157 1876 eruetur.
191 1825 269 1879 llam
284 1829 430 1893 postquem
451 1824 547 1880 audita
560 1826 613 1879 illa
631 1831 714 1889 aunt,
731 1841 810 1899 quom
829 1826 975 1894 Quinctius
994 1830 1124 1885 animod-

52 1919 156 1970 nerleret
175 1916 309 1971 eeueulee
327 1914 484 1984 increpari,
511 1915 605 1968 elicere
622 1917 724 1986 coepit.
765 1923 798 1970 ln
818 1918 875 1972 lroc
893 1926 990 1975 autem
1009 1921 1123 1978 Cicero-

52 2002 85 2056 rir
99 2008 155 2062 loco
173 2009 248 2063 nilril
271 2007 408 2062 eiusmodi
424 2013 461 2073 at,
478 2008 526 2061 eccl
542 2025 601 2062 uua
618 2015 647 2061 el
664 2009 783 2080 eimplex
804 2010 940 2080 temporie
954 2013 1124 2082 eignilicatio

52 2095 86 2158 (eo
101 2108 260 2167 momento,
288 2117 342 2171 que
362 2117 392 2152 ae
409 2099 566 2158 deuoueret
581 2100 640 2154 iem
659 2107 688 2154 ct
706 2100 835 2156 irruebat
855 2097 933 2169 &cl
973 2101 1035 2158 Niel
1049 2107 1126 2162 forte

50 2189 129 2245 littori
148 2193 308 2258 credimur,
346 2209 424 2268 quom
442 2191 607 2246 huiusmodi
625 2193 688 2246 loeo
706 2192 793 2247 timul
812 2201 840 2248 et
858 2195 988 2249 caueeale
1006 2201 1034 2250 et
1051 2204 1124 2251 tern-

51 2285 134 2350 porele
147 2305 218 2352 cere,
239 2293 267 2340 et
285 2285 345 2338 hec
363 2284 444 2338 nobie
462 2283 602 2338 cententio
618 2285 730 2355 placet:
749 2303 814 2338 nom
833 2303 881 2352 ee,
902 2287 975 2362 quod
993 2304 1023 2341 re
1039 2291 1123 2342 rleoo-

50 2375 131 2440 rulm,
153 2379 187 2431 ιιι
203 2377 400 2445 reeleptntr'lea
418 2378 477 2429 retr
495 2375 663 2446 cogitabat?
698 2378 772 2433 Nam
789 2379 862 2451 qnod
882 2379 1013 2433 llendlne
1032 2382 1067 2450 (l.
1086 2386 1123 2451 c.)

50 2461 72 2515 in
87 2467 228 2524 deuoueret
242 2468 304 2524 noti
326 2476 355 2523 et
374 2469 534 2524 uoluntetie
551 2469 787 2542 rignilicationem
808 2470 899 2524 ineeee
917 2477 1013 2541 putet,
1031 2471 1060 2526 iu
1079 2475 1124 2527 al·

50 2561 163 2615 tererem
180 2561 323 2616 ecleetnm
338 2561 475 2632 intelligi,
494 2554 596 2616 Gaium
608 2579 736 2633 nequem,
753 2579 808 2616 non
825 2569 888 2616 erat
906 2563 989 2630 illul,
1009 2572 1042 2621 ut
1058 2585 1123 2622 mox

52 2647 137 2717 licam,
153 2661 267 2718 uotum,
286 2655 334 2708 recl
353 2671 398 2708 ιιι
415 2655 502 2707 taeta.
540 2653 579 2707 Et
595 2653 656 2725 quie
675 2654 805 2726 ignoret,
839 2655 895 2709 lroc
912 2655 1022 2726 iprum,
1040 2658 1071 2712 in
1089 2675 1123 2714 co

51 2755 98 2793 ecee
115 2743 232 2815 aliquid,
255 2753 287 2799 nt
307 2747 377 2811 fiat,
396 2745 492 2800 audito
507 2761 602 2820 qinom,
620 2745 745 2800 minume
764 2744 941 2802 coniunctiuo
959 2747 1124 2819 significari,

52 2834 89 2884 rel
111 2836 197 2891 ineree
227 2836 255 2890 iu
279 2837 340 2909 ipra
365 2837 517 2908 inperfecti
542 2835 656 2892 notione
681 2839 756 2910 epml
777 2835 915 2894 Letiuoal
950 2842 1071 2899 lecerit
1088 2843 1124 2896 orl

50 2925 112 2980 noli
128 2929 347 2998 peruertitatem
373 2930 519 3000 temporie.
552 2931 653 3002 Neque
672 2930 765 2996 euim,
800 2932 874 3002 quorl
894 2931 980 2986 Gniue
998 2937 1026 2986 et
1042 2934 1124 2986 llan-

51 3013 100 3070 iim
115 3019 255 3092 ceterique
274 3023 392 3092 putent,
409 3027 470 3076 tum
491 3022 605 3076 demum
624 3023 841 3088 denominatae,
859 3039 913 3077 nec
930 3022 1044 3077 deuotio
1063 3028 1125 3080 eret

51 3103 73 3157 ir
89 3113 189 3178 niorto,
211 3114 281 3179 red,
299 3120 332 3168 ut
350 3113 481 3168 llauieiue
500 3131 516 3166 e
535 3113 597 3168 niu.
617 3116 695 3180 vlu,
712 3113 899 3180 llintellerit,
918 3122 980 3170 eret
999 3114 1055 3168 iam
1074 3117 1123 3170 dc-

52 3207 119 3257 noter
134 3203 274 3276 pontilicie
300 3203 426 3258 carmine
447 3212 476 3260 et
492 3206 625 3261 eollemni
643 3206 717 3273 ritn3
747 3225 838 3277 neque
857 3207 941 3260 aliter
960 3207 1123 3263 Ciceronem

52 3288 114 3362 loqui
131 3303 179 3352 aut
196 3298 277 3354 notio
296 3295 383 3352 animi
401 3306 452 3353 ant
468 3315 544 3367 ἱιιιιιι
564 3299 685 3353 rincbut.
723 3299 786 3353 Nou
805 3297 907 3364 nescio,
926 3316 1017 3371 nuper
1035 3301 1063 3354 in
1077 3301 1124 3356 ci·

52 3387 144 3442 coronio
164 3391 295 3444 oratione
321 3378 486 3464 pro‘lloec.
518 3393 614 3445 lmen.
633 3392 668 3444 ill
693 3389 800 3444 erlltnm
819 3405 879 3444 eece
905 3398 934 3445 et
959 3393 1122 3448 deleneumr

51 3492 116 3546 quera
132 3497 216 3556 neque
234 3499 330 3536 cerere·
349 3485 491 3558 preirqream
510 3483 640 3552 reperi
647 3483 781 3536 elotae
795 3500 882 3557 aequae
901 3485 980 3547 liter,
999 3487 1123 3554 adprecor

52 3582 78 3618 ω
101 3575 214 3641 torpide
236 3576 405 3644 pertineret,
441 3577 472 3629 iel
498 3576 589 3628 oetctir
614 3581 706 3628 auterre
730 3577 785 3628 dero
802 3576 865 3644 filie·
880 3605 914 3617 -
934 3577 1123 3642 (licerent,
1217 3620 1220 3628 ,

51 3655 188 3718 indication
205 3667 292 3722 eriam
310 3676 373 3740 poet
398 3685 477 3744 quom
500 3669 528 3721 in
545 3667 696 3723 manifecte
722 3685 825 3723 camno
849 3667 1056 3740 rigniticntione
1072 3687 1124 3738 pe-

51 3746 112 3816 mm
145 3759 295 3826 prolatum
315 3760 419 3823 etiarn,
438 3761 513 3832 quod
532 3775 585 3831 ego
605 3759 713 3830 primm
730 3761 894 3816 mendorum
914 3779 974 3816 eece
995 3763 1123 3815 cotende-

52 3855 114 3909 ΝΜ,
124 3845 181 3902 illel.
198 3849 246 3906 ree
267 3853 377 3927 quinon
387 3854 466 3906 morlo
477 3853 572 3905 llorere
585 3853 654 3918 serit,
672 3851 721 3906 recl
734 3853 841 3906 omnino
858 3881 894 3894 -
906 3853 1032 3906 cerciret.
1067 3851 1124 3905 Seel

51 3935 81 3986 al
96 3953 139 3990 me
156 3940 223 3997 nihil
241 3944 307 3999 illae
324 3945 558 4000 eoloeciemornrn
583 3943 760 4000 lelcnelonee
781 3944 927 4016 pertinere
953 3951 1029 4016 pulo.
1091 3945 1124 3998 lrl

52 4022 91 4076 lrir
107 4029 183 4086 locun
199 4053 253 4090 non
272 4036 421 4108 permittit,
439 4042 472 4091 ut
488 4037 524 4090 oe
541 4036 625 4090 modo
643 4036 726 4090 uerbi
743 4037 772 4090 in
791 4037 827 4090 iio
845 4035 990 4092 cententiie
1008 4042 1124 4108 propter

53 4115 136 4175 lenem
161 4125 369 4198 rignilicationie
394 4127 607 4184 inclinationem
633 4129 744 4184 uarieto
769 4128 879 4192 dicam,
916 4148 977 4201 que
1001 4131 1123 4200 repetita

53 4211 235 4274 remunetione
253 4228 304 4276 eut
321 4221 483 4276 ullomodo
500 4239 534 4276 er
554 4239 632 4293 equo
649 4227 811 4294 ponantur,
846 4228 879 4277 ut
894 4239 947 4294 pro
965 4224 1048 4278 llere.
1070 4225 1126 4280 cn-

53 4305 136 4359 noea.
154 4307 171 4359 4
187 4311 269 4386 (quod
287 4341 321 4354 -
345 4313 458 4377 timent,
495 4314 525 4368 r'rl
542 4343 576 4356 -
596 4316 669 4389 meod
686 4341 722 4355 -
738 4313 846 4377 coluit,
871 4315 910 4380 iel)
936 4321 965 4372 et
990 4315 1047 4371 inl.
1071 4317 1124 4385 ⁴⁵3
