2788 4886
491 302 746 372 PllAEFA'l'lO.
1122 309 1171 375 lll

165 493 208 559 A.
252 489 387 573 (Editio
422 489 626 555 Colonienrs’s
652 499 684 554 et
707 491 887 580 Munna.)
933 494 1079 564 Primum
1109 496 1173 583 igi·

84 612 130 663 tnr
150 601 185 664 in
211 601 344 687 agmine
365 596 476 662 locum
498 595 646 662 obtinent
675 597 726 664 illi
749 602 899 681 codices,
921 623 940 666 e
964 600 1084 690 quibus
1106 604 1172 689 pri·

85 728 166 770 noro
188 705 222 771 bi
245 705 419 772 Ciceronis
440 702 518 769 libri
540 709 626 789 typis
650 706 806 794 descripti
828 709 889 773 toti
911 720 1005 788 sont,
1027 729 1093 775 non
1117 707 1172 773 lric

87 811 151 876 illie
171 816 330 892 correcti,
376 809 483 898 qnelis
514 810 676 877 editiones
705 815 872 901 principes
903 814 1070 902 appellere
1094 837 1172 881 corr·

88 923 261 984 soeuirnns.
307 920 452 984 Primum
476 931 585 984 autern
620 922 754 985 omnino
782 921 1017 1007 typographica
1039 937 1110 987 erto
1132 921 1171 987 li·

88 1027 196 1092 bride
220 1025 342 1092 finibus
373 1027 453 1090 editi
482 1038 559 1089 sont
588 1025 736 1090 Coloniae
758 1024 800 1091 ab
832 1027 989 1094 Udnlrico
1022 1028 1109 1096 Zell.
1141 1051 1172 1094 e.

89 1137 176 1214 titt,
202 1135 295 1198 coins
316 1132 472 1197 editionis
494 1132 805 1224 index-dsppriptus
827 1147 877 1199 est
898 1135 984 1222 opud
1007 1135 1171 1204 Orellinm

92 1239 254 1304 onomast.
279 1237 371 1302 Tull.
396 1235 495 1302 uoti
519 1260 553 1322 p.
568 1241 644 1304 325.
691 1240 858 1328 Einsego
882 1242 1036 1309 editionis
1057 1267 1172 1311 exent-

92 1346 175 1433 pler,
218 1345 303 1434 quod
326 1347 361 1409 in
385 1342 587 1410 bibliotheca
609 1347 702 1434 regie
723 1345 909 1414 Henniensi
928 1363 971 1430 st,
994 1349 1171 1439 diligenter

95 1477 159 1520 rnnr
178 1475 258 1520 merc
280 1453 436 1517 editionis
464 1463 622 1516 contextu
648 1453 772 1518 contuli
794 1467 827 1520 et
847 1457 1028 1542 scripturas
1050 1459 1171 1525 discre-

95 1565 192 1648 pentis
212 1561 323 1627 littero
347 1556 375 1623 C
396 1559 523 1623 notoni.
565 1555 640 1622 Non
663 1581 709 1624 ex
733 1559 813 1643 lieo,
844 1564 902 1628 sed
926 1587 945 1628 e
967 1566 1079 1631 codice
1103 1565 1170 1632 elio

96 1667 254 1754 probabile
284 1681 315 1732 st
348 1666 479 1731 doctnrn
519 1685 592 1730 esse
630 1666 806 1734 editionem
837 1669 998 1738 Uenetum
1029 1695 1059 1738 n.
1089 1675 1170 1738 1471

97 1774 206 1852 (Orell.
225 1774 250 1841 l.
273 1797 303 1840 c.
333 1795 367 1861 p.
389 1774 485 1852 825),
529 1793 594 1858 qun
623 1793 719 1838 nemo
749 1780 968 1842 recentiorum
1000 1799 1079 1844 usus
1110 1793 1170 1844 est.

98 1879 199 1964 Certe,
243 1903 315 1970 quoe
354 1879 469 1944 eodem
511 1901 598 1944 nnnc
637 1879 750 1946 Romen
789 1904 809 1947 s
848 1880 1001 1949 Conrado
1043 1885 1170 1970 Sneyn-

96 1985 183 2072 beprn
202 2001 234 2054 et
256 1984 408 2055 Arnoldo
437 1985 602 2050 Pnnnorts
640 1988 829 2053 emissent
867 1991 968 2054 editio
1000 1987 1170 2056 Ciceronis

94 2091 238 2158 librornrn
256 2095 298 2158 de
321 2090 532 2181 pbilosophis
556 2089 678 2180 (Orcll.
704 2091 771 2158 ibd.
791 2117 825 2180 p.
847 2095 944 2180 807),
968 2117 1041 2160 enm
1063 2093 1167 2162 libros

95 2199 132 2264 de
150 2198 265 2265 finibus
283 2197 408 2264 bebere
422 2220 488 2263 non
500 2198 541 2263 sd
559 2195 759 2266 Coloniense
778 2200 969 2288 exemplum
981 2223 1171 2288 expressos,

95 2307 144 2372 sed
164 2331 183 2372 e
205 2309 316 2374 codice
349 2308 573 2393 manuscripto
603 2308 755 2374 nonnihil
785 2309 934 2388 diuerso,
977 2308 1172 2376 monstrabit

93 2418 249 2500 scripturn
272 2414 492 2501 discrepantis
514 2435 535 2478 e
556 2436 609 2479 me
629 2415 784 2481 sdnotsts
806 2415 876 2496 (ll).
921 2415 982 2480 Est
1000 2420 1087 2482 enirn
1111 2417 1172 2482 bu·

92 2524 138 2587 ios
158 2544 284 2610 quoqne
304 2522 459 2586 editionis
484 2520 658 2607 exemplet
677 2524 712 2586 in
732 2519 933 2588 bibliothece
956 2524 1060 2610 regio.
1107 2521 1170 2588 Ce-

91 2643 163 2696 torae
186 2650 299 2694 omnes
324 2628 507 2708 editiones,
536 2649 618 2716 ques
639 2630 736 2709 noni,
768 2626 810 2694 nb
835 2629 897 2694 boc
920 2627 994 2694 lo'co
1015 2641 1049 2694 et
1066 2629 1171 2716 gredo

91 2736 335 2802 exclusissent.

173 2841 211 2907 B.
255 2841 396 2927 (Margo
422 2837 626 2925 Cratandrt.)
669 2839 707 2904 ln
732 2839 936 2928 marginibus
959 2839 1030 2906 eins
1056 2861 1172 2908 exem·

91 2947 134 3034 pli
157 2971 291 3037 opernm
315 2946 502 3025 Ciceronis,
546 2945 631 3033 qood
653 2967 684 3011 s.
712 2949 796 3012 1528
825 2945 964 3014 Besileae
984 2946 1107 3034 prodiit
1127 2970 1173 3014 ex
1227 2975 1231 2980 ·

92 3054 209 3120 etism
231 3054 336 3120 Andr.
360 3051 553 3133 Cratandri,
573 3065 609 3117 nt
632 3052 672 3117 od
697 3051 782 3118 elios
803 3050 928 3132 libros,
970 3055 1018 3118 sic
1037 3053 1078 3118 od
1101 3053 1174 3134 lios,

89 3183 166 3248 qnos
189 3175 386 3242 tractemus,
410 3183 476 3225 non
500 3160 727 3247 undecunque,
749 3160 820 3240 sed,
843 3171 952 3223 utres
974 3171 1008 3224 et
1029 3160 1173 3226 conlatio

89 3283 266 3336 ceterorum
290 3268 437 3335 codicum
462 3267 577 3342 docet,
619 3288 666 3332 ex
686 3279 908 3354 uno.opturno
932 3266 1043 3330 codice
1062 3267 1174 3332 multoe

89 3377 247 3442 adnotetse
267 3389 344 3440 sunt
364 3377 533 3462 scripture
563 3375 606 3457 (si
637 3385 726 3439 recto
750 3375 940 3454 numerosi,
981 3376 1046 3439 sot
1065 3373 1175 3456 loeis).

92 3481 201 3548 Psonis
225 3482 310 3547 locis
340 3485 374 3548 in
403 3492 596 3548 contextum
629 3501 782 3566 pessume
806 3499 824 3544 e
849 3477 1043 3566 uolgaribns
1065 3480 1172 3560 libris,

88 3592 268 3678 conquisita
303 3591 447 3678 undique
485 3585 761 3674 interpoletinpe,
793 3587 1010 3672 conpositum
1044 3607 1089 3651 ex
1112 3585 1173 3652 illo

150 3864 263 3938 galeris
285 3879 387 3916 censes
405 3867 433 3915 st
454 3861 557 3936 ospitis
577 3861 632 3932 (e)
654 3858 782 3914 notandi.
835 3857 958 3932 Appelln
977 3865 1077 3913 nostro
1096 3874 1174 3913 more

151 3963 322 4032 ιάἰείοπριι,
341 3960 517 4018 wrstcxirsrs,
555 3953 679 4018 similia,
715 3969 858 4028 qnomqne
876 3969 989 4006 ornnem
1009 3951 1038 4004 in
1057 3949 1103 4003 bis
1129 3969 1174 4006 su-

148 4041 353 4128 perstitionem
384 4063 487 4101 ueneni
517 4045 660 4111 arbitror,
702 4053 762 4100 tum
786 4043 990 4118 psrridiculsrn
1016 4057 1114 4096 eornm
1144 4047 1175 4102 irr

151 4145 262 4200 utitor
280 4157 395 4206 eorem,
419 4138 468 4214 qni
486 4139 519 4192 in
533 4137 690 4194 uerborum
706 4138 880 4195 usitatorum
903 4151 959 4189 usu
977 4139 1006 4188 et
1020 4132 1052 4190 irr
1068 4149 1176 4190 sermo·

150 4239 200 4293 nis
218 4239 355 4292 iunctura
380 4231 485 4307 quouis
503 4229 565 4286 scre
584 4247 672 4286 uersu
690 4236 817 4304 peccent

944 4331 977 4388 A!
