2728 4878
274 335 335 396 loo
623 325 684 392 DE
707 323 883 393 FlNlllUS
907 325 1009 392 Bon.

274 544 324 592 tae
347 539 379 588 et
410 523 522 588 lubido
554 535 586 584 et
618 523 752 606 ignauia
781 543 910 607 eenrpar
938 524 1081 585 anirnurn
1116 519 1303 583 excruciant

274 653 402 718 semper
423 629 603 694 sollicitant
621 627 895 714 turbulentaeque
919 641 1010 692 aunt:
1054 630 1102 693 cic
1130 629 1308 714 inprobitas

274 741 366 803 cuium
392 740 424 801 in
449 749 556 800 ruente
580 735 751 812 consedit,
797 733 859 797 hoc
883 735 974 820 ipso,
1008 733 1093 819 quod
1115 736 1226 813 adeat,
1252 733 1318 798 turb

326 943 428 1000 temper)
442 937 517 984 orn.b
553 935 682 994 inprobitu
696 934 726 990 ri)
743 947 787 979 om.
803 945 897 986 omnen,
913 935 1040 978 teturttrt’e
1055 934 1096 978 0r.

270 1121 411 1183 prorata,
454 1108 547 1165 inutili
572 1107 737 1162 mutatione.
778 1109 810 1161 st
836 1103 963 1162 codicum
991 1099 1140 1162 diueriilae
1165 1107 1283 1162 Bremio
1300 1125 1318 1176 pt

270 1213 366 1278 specta
385 1205 503 1268 tuimet,
529 1219 584 1255 nou
605 1200 759 1255 rettulitret
777 1199 822 1253 uir
843 1207 974 1270 optumus
993 1198 1166 1270 Pantagathi
1184 1183 1318 1274 aliorumq

271 1298 450 1369 opinionem,
471 1295 628 1361 deprecato
647 1293 801 1363 ascriptum
819 1310 836 1346 n
857 1291 975 1346 librario
995 1292 1089 1363 ulique
1109 1309 1185 1356 cece,
1203 1299 1236 1346 ut
1253 1285 1318 1362 rigni

271 1395 349 1444 caret
370 1387 459 1441 uerba
479 1386 612 1439 mendosa
631 1402 700 1440 oeae.
737 1385 858 1439 Omnino
886 1402 945 1455 qne
963 1387 997 1437 de
1016 1383 1178 1438 lruiuumodi
1202 1385 1318 1438 reluctat

271 1482 353 1535 uibue
380 1477 484 1533 criticis
510 1477 694 1532 librariorum
719 1477 861 1532 interdum
891 1485 1058 1542 armantur,
1094 1478 1212 1547 (preter
1245 1467 1318 1547 dupli

272 1572 415 1641 erripture
435 1569 677 1636 coniunctionem)
696 1571 757 1622 lere
776 1570 835 1623 riae
855 1572 916 1624 ulla
935 1587 1034 1624 cauere
1051 1571 1118 1624 licta
1135 1575 1208 1622 runt.
1249 1569 1318 1620 Desit

270 1671 321 1728 ret,
344 1663 417 1732 quod
436 1678 532 1734 peuce
551 1669 661 1714 ueteree
681 1662 818 1716 editiones
837 1664 1043 1730 habebuutffl,
1062 1663 1094 1718 P.
1103 1663 1242 1730 Murem),
1262 1663 1318 1716 dein

270 1737 425 1820 Gruterum,
452 1753 642 1815 Oronienear‚
668 1751 982 1820 vuantonettonem,
1005 1756 1085 1808 nullu
1103 1753 1216 1808 adiecta
1235 1753 1318 1808 ccdict

269 1848 411 1902 mentione
428 1849 510 1920 (nam
529 1847 648 1900 Gruteri
666 1851 732 1901 uota
750 1848 785 1900 ed
803 1851 895 1902 rotam
911 1865 1007 1902 uocem
1027 1864 1081 1898 nou
1099 1848 1247 1917 pertinet),
1266 1847 1292 1899 in
1310 1861 1318 1900 n

270 1941 378 1996 dicibut
397 1959 474 2002 aare,
496 1958 569 1993 nuuc
591 1940 706 1993 demum
726 1940 928 2006 confirmatur,
964 1957 1029 1994 nam
1051 1938 1138 1993 Gaiae
1157 1940 1271 1994 rettulit
1288 1937 1318 1992 dd

270 2035 361 2102 derat,
378 2031 469 2087 ailrilo
488 2034 551 2104 plue
570 2033 671 2087 dicent.
712 2032 927 2087 Coniunctiuom
946 2033 1069 2103 portulat
1088 2033 1178 2086 aretio
1200 2033 1318 2102 obliqua

338 2128 375 2180 Et
394 2126 628 2196 quemadmodum)
649 2124 765 2178 Retinui
783 2132 828 2188 et,
866 2126 994 2179 additum
1012 2142 1030 2178 e
1046 2125 1136 2179 utino
1157 2131 1185 2180 ct
1202 2126 1318 2178 deludet

269 2223 301 2275 Α.
320 2221 481 2284 llnttlriaeo,
500 2215 748 2288 quodncceeenrr'o
770 2219 844 2283 bec,
872 2236 932 2290 que
951 2237 967 2270 e
986 2217 1126 2272 contraria
1144 2225 1227 2289 parte
1248 2219 1318 2272 iniun

269 2312 314 2366 tire
332 2311 480 2372 «licuntur,
500 2327 563 2363 eum
581 2309 773 2381 eruperioribue
791 2311 982 2364 connectendo
997 2311 1120 2364 luerunt.

340 2407 379 2458 cic
398 2404 557 2472 improbitas
576 2405 601 2455 ei
622 2403 712 2466 cuine)
749 2407 781 2454 1n
805 2404 955 2456 meliorum
973 2403 1100 2455 codicum
1121 2401 1198 2464 (Pal.
1216 2403 1249 2465 1,
1286 2405 1318 2456 Idi

269 2497 361 2568 Spin,
389 2507 447 2565 mg.
467 2497 558 2557 ciat.)
578 2494 718 2563 scriptura
737 2494 792 2556 (ric
813 2496 891 2548 cuine
918 2497 946 2547 t'n
965 2501 1052 2547 mente
1079 2496 1201 2547 concedit
1218 2496 1271 2548 linc
1298 2496 1318 2563 ip

269 2589 341 2657 qood
359 2588 439 2639 odeat
458 2587 614 2639 turbulenta
633 2592 660 2638 et
681 2587 707 2638 ei
723 2589 802 2651 uero)
822 2587 941 2656 adponet
960 2585 1093 2640 excidisse
1111 2586 1270 2642 cubicetum
1295 2603 1318 2642 et

269 2679 379 2740 tentiae,
408 2686 468 2732 tum
487 2679 605 2731 uerbum
624 2679 720 2732 decere
741 2680 775 2732 ud
795 2677 965 2734 adiectiuom
983 2681 1159 2746 turbulenta,-
1198 2697 1265 2733 unm
1284 2693 1318 2734 ret

268 2773 366 2826 eliense
385 2789 467 2843 poeeu
486 2771 514 2825 iu
534 2770 585 2825 tati
607 2771 751 2836 oratione,
768 2788 838 2824 caue
856 2774 954 2826 credre
973 2774 1052 2828 Gaio.
1090 2775 1130 2827 dc
1157 2773 1279 2828 uerbum
1297 2789 1318 2844 qt

268 2865 332 2918 dem
352 2865 379 2918 in
399 2872 426 2918 et
446 2865 553 2928 latere,
590 2880 649 2933 que
669 2861 811 2934 particula
829 2867 913 2935 plane
933 2883 986 2920 non
1006 2865 1139 2919 conuenit
1157 2882 1221 2919 cum
1241 2869 1269 2918 ei
1284 2851 1318 2922 nel

268 2958 339 3012 uidit
357 2959 415 3013 iam
436 2959 583 3012 Gruterue.
620 2955 784 3010 Subiectum
805 2958 883 3012 uarie
902 2959 1025 3023 addunt,
1063 2957 1191 3029 plerique
1211 2974 1245 3010 ex
1264 2955 1318 3012 Um*

267 3053 373 3119 codice,
395 3053 421 3106 id
442 3059 493 3118 eat,
514 3046 693 3104 coniectaret
716 3051 755 3102 eie
774 3051 912 3104 iniustitia
931 3051 1018 3112 cuiue,
1038 3051 1137 3122 paullo
1156 3050 1272 3104 duriore
1293 3063 1318 3104 ut

266 3145 367 3198 borum
374 3145 472 3198 ordine
480 3150 508 3197 et
515 3139 629 3196 relatiui
639 3139 832 3196 coniunctione
842 3163 850 3208 ;
869 3144 990 3196 Lirinus:
1017 3143 1057 3194 cic
1066 3143 1142 3196 cuiue
1152 3144 1179 3194 in
1187 3151 1278 3196 mente
1288 3145 1318 3198 inl

267 3238 362 3300 mitia,
382 3237 411 3290 in
420 3236 633 3292 nontraretionc
642 3235 683 3298 lin
694 3251 777 3305 quum
786 3232 1247 3306 incideratotiamcensorquidum
1260 3229 1318 3288 edit

266 3330 309 3383 nir
328 3329 451 3399 (ieiune)
472 3338 500 3384 et
515 3327 628 3382 facilior
646 3328 679 3381 lit
699 3328 791 3382 oratio
810 3337 838 3383 ct
855 3331 988 3399 adparet,
1017 3329 1119 3382 librari
1137 3329 1252 3381 oculum
1275 3331 1318 3382 uln

266 3437 344 3475 rante
363 3422 391 3473 iu
409 3421 512 3476 litteris
530 3421 578 3474 eie.
639 3419 693 3472 Sed
715 3421 869 3489 improbiter
895 3419 994 3492 scripti
1019 3421 1112 3491 potina
1137 3439 1222 3492 quum
1247 3423 1318 3476 iniat

267 3513 325 3578 tiu,
362 3513 435 3583 quod
460 3511 613 3584 prudentie
631 3511 836 3578 temeritatem,
871 3513 1060 3586 temperantior
1078 3513 1235 3568 lubidinem
1259 3515 1318 3568 Cirr

267 3605 422 3658 contrariae
442 3604 550 3674 potuit,
580 3621 635 3658 non
654 3602 863 3675 inprudentiam
882 3615 909 3660 ct
929 3605 1195 3676 intemperantiam,
1236 3616 1267 3661 ct
1285 3623 1318 3678 qu

265 3699 391 3768 requitur
409 3697 582 3765 inproborum
596 3698 678 3763 suctu
696 3704 725 3750 et
745 3697 808 3765 (58)
823 3699 992 3768 fugiendam
1010 3699 1212 3768 inprobitatem.
1265 3706 1298 3752 lu
1316 3711 1318 3752 l

195 3835 203 3846 .
266 3792 341 3862 qnod
359 3797 380 3844 1.
401 3793 432 3846 F.
453 3787 600 3862 Gronouio
624 3789 651 3842 iu
670 3797 795 3844 meatem
819 3791 914 3846 uenite
953 3793 999 3844 Sic
1028 3809 1106 3862 quom
1131 3793 1174 3844 uir
1200 3793 1229 3844 in
1258 3811 1318 3846 men

263 3903 378 3956 promae
397 3883 572 3938 desideratur
590 3882 707 3952 propria
725 3881 803 3952 eine,
822 3885 895 3954 quod
913 3882 1026 3940 iustitie
1044 3883 1219 3938 contrarium
1235 3892 1281 3950 et,
1307 3901 1318 3937 u

264 3985 340 4032 note.
394 3977 547 4032 Uideamue
567 3992 641 4028 nunc
660 3975 816 4030 deterioree
841 3979 959 4033 codices.
1021 3978 1187 4033 Subiectum
1208 3980 1318 4034 correct

263 4071 376 4138 putauit
393 4069 544 4133 iurtr'tiour,
582 4083 638 4121 non
658 4063 906 4137 arimannorum,
946 4071 1020 4143 quod
1039 4089 1074 4124 nc
1094 4070 1223 4124 ctericus
1240 4072 1318 4142 quidt

263 4175 315 4212 nec
334 4161 465 4216 Denieinr
482 4158 639 4224 intellexit,
678 4159 792 4213 tremiti
810 4163 858 4216 bic
873 4166 908 4218 ad
929 4161 1063 4218 uitiorum
1082 4164 1223 4218 coiectum
1242 4171 1272 4219 et
1289 4181 1318 4220 cr

263 4249 354 4303 tribue
376 4253 475 4308 cetaria
495 4251 572 4309 uitiis
593 4249 741 4324 conparari
769 4261 910 4324 quartum.
947 4259 993 4326 (ln
1012 4259 1076 4324 El„
1111 4257 1137 4312 ri
1153 4257 1271 4313 Dauieiu
1290 4275 1318 4314 rr

264 4339 364 4405 dimne,
383 4342 409 4409 2,
428 4346 477 4399 red
495 4347 597 4416 opinor
614 4345 711 4413 eeael,
729 4344 864 4416 {criptum
882 4355 925 4404 et:
948 4350 988 4403 ric
1006 4351 1085 4404 cuiue
1104 4350 1133 4405 tir
1151 4357 1240 4406 mente
1258 4363 1318 4406 cont
