2720 4878
249 285 313 348 lffl
600 277 659 342 DE
682 275 858 344 stultius
880 275 983 342 Bou.

249 489 338 542 certe
366 493 430 540 neu
460 471 674 559 pereruditus.
727 474 780 538 18.
802 471 893 558 Ergo
923 469 975 536 illi
1002 469 1219 558 intellegunt,
1261 475 1336 558 quid

249 583 410 669 Epicurus
434 581 537 658 dieat,
569 600 633 666 ego
656 599 722 642 uon
743 576 928 662 intellegoi
958 575 1004 642 Ut
1024 580 1109 642 scias
1133 599 1187 642 me
1207 577 1344 642 intellu-¹

250 711 350 776 gere,
391 689 529 772 primum
563 685 649 749 idem
672 681 781 771 [esso]
806 684 880 748 dico
903 685 1123 768 uelreptntess,
1170 685 1256 770 qnod
1278 684 1338 748 ille

250 785 393 880 ἡδονήν·
461 793 505 880 lit
534 792 663 879 quidem
692 811 792 874 saepe
816 793 1002 876 quaerimus
1027 789 1166 854 uerbum
1185 789 1335 854 hunum

250 923 309 986 par
335 898 461 962 Graeco
493 899 629 983 etquod
655 897 741 959 idem
766 895 896 974 ualcut3
943 897 997 961 hic
1020 894 1102 960 nihil
1127 895 1209 975 luit,
1255 897 1337 982 quod

251 1025 493 1093 quaereremus.
540 1001 677 1068 Nullum
698 1005 840 1068 inueniri
864 1015 991 1088 potest,
1021 1001 1108 1089 quod
1130 1003 1237 1086 magis
1253 1002 1345 1074 idemq

250 1111 393 1177 declaret
414 1109 554 1188 Latiae,
597 1108 683 1196 quod
705 1105 852 1185 Graece,
889 1131 987 1195 quam
1007 1108 1153 1173 declarat
1177 1109 1335 1192 uoluptas.

304 1292 467 1347 eerte)on.ts
518 1293 552 1340 tt.
567 1292 631 1350 quid)
642 1291 737 1350 quesn
766 1291 847 1347 [essen
862 1289 1038 1335 sineuucisttr.
1066 1289 1117 1334 dieo
1128 1289 1277 1347 uoluptatem)
1290 1291 1334 1332 not.

250 1369 365 1417 dteeMO
398 1367 703 1424 supersuuntur-u
736 1369 824 1426 potest)
837 1367 941 1411 eertum
949 1365 1064 1422 poten!
1091 1366 1333 1422 qnedflrneenm

252 1447 342 1490 Grues
354 1443 374 1488 li
388 1445 452 1498 quod
466 1444 555 1490 Grues
572 1431 652 1508 ἡδωή
672 1444 713 1489 Os.

250 1625 310 1675 tstn
328 1617 457 1674 Ciceroni
482 1617 543 1673 sine
569 1620 657 1674 dubio
682 1621 782 1693 ignoto
801 1625 864 1674 erut
880 1635 914 1673 no
936 1618 1056 1674 lorinsse
1075 1621 1168 1675 multo
1189 1629 1251 1692 post
1274 1623 1333 1674 ficte

250 1719 293 1778 st,
323 1718 351 1765 nt
368 1717 445 1766 cente
463 1713 501 1766 nis
519 1710 726 1783 Epicureorum
745 1717 873 1782 tempere
891 1719 920 1766 et
939 1712 976 1766 uls
991 1713 1046 1766 lunc
1062 1711 1266 1782 conpunctione
1284 1731 1333 1766 non

253 1803 349 1858 misus
366 1812 474 1858 mmots
493 1820 579 1873 quern
596 1820 614 1858 u
632 1801 775 1858 Ciceronis
793 1805 932 1857 lectorum
950 1803 1070 1870 notitin3
1106 1805 1232 1858 uecdici
1251 1813 1334 1876 potest

252 1897 392 1967 conligere
416 1898 455 1950 de
477 1897 616 1966 Pelasgis.
672 1897 806 1950 Ceterum
839 1897 918 1966 npud
947 1895 1125 1966 Stephanum
1150 1897 1333 1952 uerinumum

230 2027 233 2032 -
253 2007 314 2045 esse
334 1991 522 2061 Pelasgorum
540 2005 644 2044 nornen
663 2005 716 2042 uec
734 2005 798 2042 cnrn
819 1987 925 2042 tintinio
945 1993 974 2040 et
994 1988 1152 2042 Goernnnio
1172 1989 1236 2062 (qui
1255 1975 1347 2044 etisml

253 2083 290 2136 de
306 2083 440 2136 Enstntiri
460 2083 518 2136 ure
539 2083 569 2136 in
597 2081 683 2136 rebus
710 2081 746 2134 erl
764 2079 878 2134 ltntism
895 2079 1087 2154 speetsntslms
1105 2081 1235 2152 quesisse
1252 2079 1332 2136 uideri

250 2175 334 2241 uolt)
353 2172 532 2228 subicienda
552 2170 703 2239 mincis,
719 2170 878 2246 inspicienti
895 2171 981 2226 iscile
998 2172 1117 2243 patebit.

321 2263 364 2320 lu
401 2267 472 2318 idern
491 2265 573 2335 [esse]
599 2267 661 2319 dico
686 2265 870 2333 uoluptatem)
906 2263 938 2318 Si
953 2265 1093 2319 retinetur
1113 2281 1194 2328 esse,
1221 2266 1280 2320 bne
1297 2271 1332 2318 est

251 2355 405 2412 sententies
424 2357 623 2426 ”Unlnptstom
641 2357 706 2411 dico
723 2375 784 2412 esse
801 2357 876 2411 idem
895 2355 939 2424 (id
959 2365 1018 2422 est,
1037 2357 1156 2412 enodem
1174 2360 1248 2428 rem)
1265 2357 1329 2430 quel

251 2447 301 2502 ille
321 2445 418 2518 ἡδονὴν
437 2465 499 2501 esse
516 2446 584 2502 dicit
593 2447 621 2513 ,''
660 2450 736 2521 qued
755 2455 846 2504 totum
868 2465 1034 2520 pcruemum
1052 2455 1097 2514 stc
1124 2465 1191 2504 unm
1207 2449 1272 2503 siue
1288 2445 1348 2516 rso-f

251 2541 385 2607 tuptutem
403 2543 431 2591 et
448 2535 578 2609 ἡδονήν
595 2541 715 2595 subiecti
734 2542 797 2597 loco
817 2542 973 2606 leniremus,
993 2559 1048 2595 non
1068 2540 1181 2596 dicebat
1198 2543 1330 2612 Epicurus

252 2629 461 2702 neqnecieere,
479 2631 658 2700 uoluptatem
677 2633 845 2686 ementium
864 2635 991 2704 utiquam
1010 2651 1082 2696 rem,
1100 2631 1161 2688 siue
1182 2633 1254 2688 iden
1271 2635 1330 2688 euh-

251 2719 357 2774 iectnsn
377 2727 503 2789 putntur‚
521 2741 577 2776 non
596 2722 749 2792 queritur,
786 2744 845 2795 qna
864 2743 910 2780 ren
928 2725 965 2778 sit
983 2727 1119 2796 uoluptas
1137 2726 1208 2794 (boe
1225 2735 1268 2781 est
1283 2728 1330 2780 Ln-

251 2811 320 2876 tiue‚
339 2811 515 2883 uoluptatem
534 2813 668 2881 eclieiut).
706 2817 827 2872 omnino
849 2834 904 2870 nou
923 2819 958 2871 de
971 2835 1003 2870 re
1019 2819 1115 2885 (esee),
1133 2820 1181 2872 scd
1196 2819 1232 2872 de
1249 2819 1330 2874 nomi-

251 2921 287 2958 ne
304 2903 410 2976 agitur,
427 2905 786 2977 disputaturusquecicero
805 2909 841 2960 de
862 2909 893 2962 ui
909 2926 943 2964 uo
965 2909 1078 2965 notione
1096 2909 1140 2964 rei
1151 2911 1279 2982 primum
1293 2909 1329 2962 di·

233 2985 299 3062 uit,
320 3015 374 3067 pro
392 2998 488 3052 (lance
506 2998 624 3068 Epicuri
642 3006 756 3055 nomiae
771 3018 802 3053 se
820 3001 954 3056 Latinum
971 3004 1155 3068 substituere,
1172 3004 1251 3074 quod
1265 3002 1329 3056 idem

252 3088 412 3159 significetr
429 3091 541 3159 ’'Quum
560 3108 620 3146 rem
640 3093 692 3146 itte
708 3088 806 3163 ἡδονήν
823 3096 969 3164 appellat,
996 3097 1113 3150 eundem
1133 3111 1186 3166 ege
1203 3098 1331 3166 usluptn·

253 3181 338 3236 tens.'.’
381 3183 437 3234 dut
453 3179 543 3252 igitur
561 3185 712 3240 delendum
731 3167 833 3240 stesse
852 3194 904 3240 out
921 3185 1017 3255 potius
1032 3188 1231 3241 scribendum
1269 3189 1329 3240 iden

252 3287 322 3338 ego
341 3274 414 3335 dieo,
433 3280 467 3329 ut
483 3275 551 3329 lsuio
568 3275 728 3348 pronomini
747 3277 924 3332 cuntrnrium
936 3276 973 3331 eit
989 3278 1113 3332 alterum
1121 3279 1177 3334 itte.
1206 3281 1330 3350 Corpen-

251 3360 299 3414 din
318 3357 421 3416 similis
438 3373 515 3422 sunt.
569 3369 636 3422 Dico
660 3372 830 3439 uoluptatem
858 3387 954 3424 omnes
973 3370 1025 3424 tini
1044 3378 1160 3443 excepte
1181 3373 1258 3426 Gud.
1276 3373 1290 3426 l
1308 3375 1331 3422 et

250 3449 291 3504 nie
307 3453 369 3506 ture
386 3454 448 3507 edd.
467 3465 534 3512 note
551 3461 713 3515 lluuutium
732 3462 775 3525 (P.
794 3462 892 3527 llere,
911 3463 998 3527 Cret,
1018 3463 1125 3533 utos„
1147 3466 1184 3520 nis
1202 3465 1255 3520 iilo
1272 3463 1330 3517 inde

253 3543 338 3598 muse
356 3543 463 3598 editum
481 3551 536 3602 uol.
558 3551 628 3610 dico.

320 3636 392 3688 idem
409 3637 535 3692 dectus-ut
553 3641 652 3695 huttse
669 3645 742 3712 quod
762 3643 870 3714 Groece)
890 3647 995 3717 Aperte
1015 3646 1154 3702 sententia
1170 3653 1208 3714 st,
1225 3648 1330 3702 nultum

252 3743 311 3782 esne
326 3725 459 3782 Latinum
477 3747 595 3798 numen,
631 3738 705 3807 quod
726 3737 857 3794 Genuum
875 3739 929 3794 sibi
947 3740 1120 3811 respondens
1138 3739 1230 3811 mugio
1247 3735 1331 3808 espri·

251 3827 322 3886 met,
342 3837 428 3892 quum
447 3823 580 3893 ueluptss
597 3825 735 3896 exprimet
752 3827 808 3896 (is,
828 3832 902 3901 quod
922 3829 949 3884 ei
966 3832 1164 3904 respondent);
1202 3829 1288 3902 igitur
1305 3827 1329 3880 iu

252 3914 307 3968 troo
330 3911 443 3968 nornine
469 3931 609 3971 summum
643 3935 703 3974 esse
731 3921 933 3993 equalitatem.
949 3931 978 3979 et
1003 3924 1141 3980 maiorem
1165 3923 1227 3976 tere
1250 3935 1328 3994 quoru

251 4004 330 4063 stibi.
367 4006 423 4060 Sed
440 4007 559 4062 contusa
577 4010 690 4066 notione
708 4015 846 4082 nominis,
864 4017 939 4090 quod
957 4017 1064 4088 duplex
1082 4021 1140 4081 eet,
1160 4016 1288 4070 Genuum
1306 4019 1329 4064 et

250 4097 401 4165 Leonum,
438 4107 466 4155 et
485 4099 542 4164 rei,
578 4121 640 4174 qun
658 4122 716 4160 uun
732 4115 776 4172 st,
801 4107 1001 4180 neglegentius
1019 4117 1047 4164 et
1064 4104 1181 4162 hreuins
1199 4105 1237 4162 sic
1256 4103 1328 4162 dixit.

251 4193 397 4258 tssuqusm
412 4211 501 4247 unum
520 4202 593 4249 esset
611 4195 737 4252 eiusdem
756 4199 799 4252 rei
816 4217 919 4254 nomeu
933 4201 1064 4256 Grecum
1081 4206 1110 4255 et
1126 4199 1270 4264 hstium,
1289 4211 1327 4250 ro

251 4277 390 4350 tiuuitque
408 4283 482 4339 idem
500 4287 662 4344 subiectum
686 4291 715 4346 in
742 4298 863 4364 utruque
881 4301 964 4364 perte
983 4292 1126 4350 sententie
1144 4294 1225 4355 (idem
1242 4290 1327 4346 decla-
