2720 4878
307 301 366 368 ΕΤ
390 299 499 368 MAI„
522 297 607 365 LIB.
629 299 662 365 11
684 299 780 367 crte.
804 305 854 368 rt.
1066 310 1127 374 221

51 497 107 561 iltis
125 496 212 562 iacit.
263 496 357 575 Quos
380 498 445 561 nisi
469 498 719 584 redarguimus,
747 500 853 564 omnir
877 501 999 581 uirtus,
1032 523 1128 570 omne

51 605 145 682 decue,
170 607 278 669 omnis
292 626 371 669 uere
390 602 464 668 leue
488 604 670 668 deserenda
692 616 734 667 et.
774 604 1028 672 lta-ceterorum
1053 629 1127 674 ren-

53 701 326 790 teutiis'eemotie,
351 711 547 797 relinquitur
571 731 637 774 non
660 709 742 774 mihi
762 732 834 776 cum
860 710 1049 800 Torquato,
1070 717 1128 780 red

51 819 150 882 uirtuti
173 827 247 883 cum
273 813 443 904 uoluptate
479 817 627 882 certatio.
676 815 785 893 Quum
812 819 942 904 quidem
975 823 1127 886 certatio·

51 943 114 986 nem
135 922 232 988 homo
256 937 290 989 et
313 937 427 988 ucutur
452 935 486 988 et
510 923 671 1009 diligens,
712 922 928 1011 Chrysippus,
965 947 1029 990 uon
1051 949 1128 992 cou-

50 1031 159 1106 temnit,
181 1041 351 1116 totumque
370 1031 545 1095 discrimen
564 1031 682 1092 summi
710 1028 789 1094 boni
811 1033 845 1094 in
872 1053 985 1096 eurum
1008 1055 1127 1120 coupa-

50 1137 161 1199 retioue
180 1137 325 1221 positum
349 1147 453 1222 putat.
511 1135 583 1224 Ego
605 1148 714 1200 autem
740 1138 928 1217 existumo,
951 1140 1003 1212 xsi
1027 1139 1143 1230 hone-¹

96 1337 259 1396 redarguimur)
273 1339 404 1394 arguimur
418 1336 530 1382 LPMOR
575 1350 622 1382 nou
636 1335 702 1391 mitri)
718 1338 783 1381 enim
795 1337 888 1382 mitte
931 1338 999 1386 horno
1012 1363 1038 1374 -
1053 1344 1128 1398 putet)

52 1411 188 1468 tce-pm
220 1417 246 1458 et
259 1415 351 1466 mutue)
365 1413 470 1460 acuto
509 1416 533 1456 et
547 1411 598 1466 dil.)
614 1413 658 1457 red
672 1413 751 1460 erte
792 1417 1127 1470 eurum)eamrernm1ton.

53 1485 106 1539 titi,
118 1489 198 1534 edm
210 1501 298 1536 reram
311 1491 374 1535 Non·
383 1489 462 1536 Mero.
478 1491 563 1535 eadem
575 1487 729 1535 remonon.
766 1491 886 1547 erietmco)
900 1505 943 1538 om.
958 1491 979 1538 Β

111 1665 313 1734 redarguimur)
336 1667 424 1720 Recte
442 1665 497 1718 hoc
515 1661 639 1719 restituit
658 1662 754 1728 Gziue,
773 1667 847 1734 quod
867 1665 895 1718 in
914 1666 956 1719 ed.
975 1665 1007 1720 Ρ.
1026 1667 1125 1734 Marsi,

53 1755 118 1807 Cret.
134 1756 194 1810 aliie
213 1758 338 1812 eiusdem
357 1756 447 1812 etotie
465 1763 523 1818 cet,
552 1761 647 1810 nescio
667 1758 758 1822 unde;
795 1774 860 1811 narn
878 1755 907 1810 iu
927 1759 1126 1813 uoturtieeinrir

52 1862 100 1898 non
115 1853 165 1914 αἱς
183 1849 259 1904 idem
278 1849 369 1904 omnir
388 1867 453 1903 euoe
471 1849 552 1903 codd.
571 1849 611 1901 ric
629 1850 738 1904 hebere
756 1847 833 1913 dicit,
853 1849 906 1903 uiri
924 1853 998 1919 quod
1018 1853 1091 1912 oud.
1109 1851 1127 1904 2

51 1955 104 1990 rum
115 1940 176 1996 ⁰12.
195 1943 236 2008 Εξ
255 1943 466 2010 redarguamur.
502 1942 563 1994 Non
578 1941 715 2012 congerendi
729 1947 838 1996 tontum
858 1943 1057 2010 eteecoeondi,
1077 1945 1124 1997 red

54 2032 221 2088 roouiccendi
243 2035 329 2088 etiam
344 2039 431 2088 erunt
449 2032 590 2103 Epicurei.

113 2126 276 2196 Chrysippea
296 2143 351 2178 non
370 2127 529 2195 contemnit)
550 2124 598 2198 qui
616 2125 645 2178 iu
664 2141 749 2196 opere
766 2129 829 2194 crept
846 2121 932 2178 retati
949 2143 1013 2180 curn
1028 2125 1126 2180 Stoico

53 2216 169 2272 ceruice
187 2219 403 2274 confirmatione
422 2225 587 2289 perpetuum
613 2217 760 2287 Epicurea
786 2216 988 2271 refutationem
1009 2219 1125 2273 coniun-

53 2306 111 2360 uicre
128 2310 248 2366 uidetur.
284 2313 345 2364 Gir.
363 2311 451 2366 dead.
468 2317 506 2376 11,
524 2310 576 2364 138
595 2319 622 2364 et
641 2309 702 2363 lto.

109 2401 134 2452 ie
150 2420 243 2457 earum
262 2404 471 2472 conparatione)
487 2403 633 2458 Edebetur
649 2404 677 2456 in
696 2403 791 2456 eadem
802 2404 1007 2472 conparatione,
1026 2409 1125 2474 operto

53 2493 153 2558 merto,
187 2497 321 2566 quonium
351 2495 423 2550 nihil
454 2502 521 2550 onte
545 2497 581 2549 de
607 2497 661 2550 hac
688 2497 889 2567 conparatione
914 2496 1020 2550 dietum
1046 2503 1125 2563 erct3

53 2599 130 2654 ccqoe
144 2603 277 2659 umquem
295 2595 347 2643 aut
364 2590 438 2661 opud
454 2589 620 2642 Ciceronem
639 2577 691 2642 aut
707 2591 781 2661 opud
799 2589 872 2643 etiae
887 2589 1038 2660 scriptores
1056 2591 1126 2644 idem

52 2685 86 2727 cet
99 2677 140 2730 irie
156 2681 236 2748 ipre,
272 2681 321 2751 qui
349 2699 422 2735 unnc
442 2683 556 2735 demum
576 2681 755 2750 nominatum
794 2679 965 2737 recentiore·
982 2680 1124 2738 interdum

53 2769 108 2822 retii
123 2773 244 2827 barbare
263 2792 314 2844 pro
333 2773 555 2829 demonstretiuo
575 2783 690 2843 ponunt.
728 2777 817 2847 Atque
836 2793 930 2831 earam
946 2776 1034 2830 habet
1052 2778 1124 2840 Eri,

54 2861 145 2932 dequo
162 2883 218 2921 uno
250 2883 284 2920 ox
310 2863 476 2920 melioribus
500 2873 624 2930 constet,
660 2876 720 2922 tum
745 2868 814 2922 01¹.
832 2867 885 2934 Εξ,
921 2869 971 2922 ubi
991 2885 1055 2921 curn
1073 2868 1137 2942 iiio·

53 2957 228 3024 courcetiunt,
249 2975 305 3012 nou
324 2959 403 3012 lene·
423 2964 524 3024 tortor,
543 2960 635 3014 dicad.
653 2960 764 3024 Dorici,
785 2961 878 3030 quiid
898 2961 1057 3030 probabat,
1073 2979 1125 3030 po-

53 3053 156 3114 stremo,
179 3050 205 3104 ri
228 3049 386 3105 Goerenzio
405 3051 562 3117 credimur,
581 3054 646 3106 Ber.
667 3053 838 3118 ctGud.1;
858 3053 905 3106 red
924 3052 999 3106 idern
1018 3059 1125 3117 cerret,

54 3137 251 3197 iunctioribue
269 3145 418 3215 uolgatum
438 3162 513 3210 erre,
546 3145 594 3214 qui
611 3162 695 3217 quom
722 3144 750 3198 in
773 3145 834 3198 Eri.
859 3145 1124 3214 redarguetur-non
1194 3194 1200 3206 ,

53 3231 163 3300 silentio,
200 3236 250 3288 ced
267 3233 446 3302 testimonio,
484 3238 588 3292 merito
614 3237 741 3307 eurpieor
759 3253 823 3290 eum
844 3237 969 3290 scribere
986 3235 1125 3303 debuine,

55 3338 129 3377 taran
147 3327 230 3382 etiem
249 3327 278 3382 iu
301 3327 374 3400 Spir.
395 3337 422 3383 ot
442 3329 516 3384 Gud.
534 3329 552 3382 2
571 3345 647 3390 erre,
667 3330 792 3382 utternrn
810 3328 838 3381 in
857 3330 968 3383 ducitur
986 3327 1043 3384 illie
1063 3347 1125 3401 pea-

53 3417 129 3471 mnir.
182 3421 263 3492 Apud
281 3418 404 3474 Nonium
422 3423 517 3475 eadem
535 3439 553 3476 o
578 3419 719 3476 Mercurio
746 3421 922 3476 eCiceronir
947 3422 1028 3477 tium
1054 3423 1125 3476 reri-

53 3517 117 3573 pttru
132 3519 168 3578 rt;
186 3528 254 3568 nom
272 3511 375 3566 codicia
392 3513 451 3568 Soti
467 3513 599 3577 Uictoria,
619 3531 704 3584 equo
723 3513 747 3566 ir
764 3513 886 3568 Nouium
906 3516 1040 3579 renituit,
1060 3517 1124 3571 dili-

54 3603 234 3666 gentiraurueor
251 3605 442 3662 conlationem
469 3607 563 3660 habeo
591 3607 620 3660 in
639 3605 710 3660 bibi.
728 3605 920 3662 uniuerritetie
936 3615 1056 3674 contre,
1096 3609 1124 3662 in

54 3707 96 3756 que
110 3694 252 3751 reribitnrr
274 3700 303 3752 in
320 3711 353 3754 ea
369 3717 426 3753 rem
440 3717 532 3754 reram
550 3701 753 3768 conparatione.
798 3700 913 3755 Dauieio
927 3702 1013 3756 etiarn
1031 3717 1125 3754 earum
1238 3739 1241 3748 .

53 3789 224 3844 repererint
244 3808 326 3861 poree
345 3791 436 3846 uirum
455 3800 497 3857 rt3
516 3792 564 3846 red
583 3809 628 3844 rea
645 3791 741 3861 inopte
759 3791 807 3846 irio
828 3793 965 3848 dicautur.
1011 3794 1124 3864 Guyeto

53 3869 193 3936 iuuentem
213 3891 348 3939 uenerati
367 3886 396 3938 io
415 3886 582 3947 eudemum,
601 3902 655 3938 non
674 3885 784 3948 inseite,
802 3888 851 3940 red
869 3893 928 3940 tum
947 3883 1009 3939 etin
1024 3883 1125 3939 uiden·

53 3975 90 4020 ΙΝ
105 3977 254 4040 precedere
273 3977 500 4045 cooperationem
519 3994 571 4030 uec
588 3985 686 4046 optutu
704 3984 730 4033 et
745 3979 781 4032 ad
802 3984 897 4032 totum.
934 3980 965 4031 tu
987 3993 1123 4046 conpara-

55 4061 121 4115 timir
137 4069 273 4124 uocabulo
297 4069 424 4134 editores!
443 4070 598 4142 imaginem
623 4087 684 4125 creo
703 4072 804 4125 uolunt
821 4088 839 4124 a
861 4067 1069 4140 gladiatorium
1088 4070 1124 4122 ed

55 4161 216 4224 rupertum
233 4163 396 4233 cooperatio
415 4166 545 4228 ductomr
581 4165 628 4218 red
658 4181 748 4234 nequo
772 4160 978 4217 eubetontiuonr
996 4161 1036 4216 eie
1054 4162 1124 4216 olibi

55 4244 140 4304 dieitur
153 4254 194 4321 (io
215 4254 277 4310 tiu.
295 4255 348 4320 82,
386 4257 420 4310 18
445 4255 486 4311 ric
507 4257 599 4327 accipi
617 4258 697 4310 nullo
716 4257 799 4310 modo
818 4247 922 4326 potent)
941 4272 992 4308 noc
1010 4254 1039 4309 in
1057 4274 1124 4310 con·

57 4339 171 4404 emtore
188 4349 236 4404 red
254 4348 284 4404 iu
302 4349 363 4421 ipro
383 4350 538 4406 certatione
556 4348 705 4406 dircrirneu
725 4356 803 4414 erot3
844 4346 940 4419 itoquc
957 4345 1010 4404 illo
1028 4348 1123 4420 irrogo
