2728 4878
311 290 371 357 ΕΤ
393 290 502 358 MAL.
525 289 610 356 LIB.
633 289 649 355 1
671 289 768 356 CAP.
792 295 841 355 so.
1082 292 1124 354 m

53 485 185 551 sitatibus
215 507 318 572 saepe
350 489 501 564 eueniet,
546 498 582 550 ut
614 499 647 552 et
678 485 864 570 uoluptates
904 483 1124 568 repudiandae
1197 473 1205 500 ⁸

54 597 105 656 sint
133 605 163 658 et
184 591 355 656 molestiae
380 615 445 656 uon
466 593 677 661 recusandae.
746 592 860 680 Itaque
883 613 994 655 earum
1016 615 1125 658 rerum

54 700 96 762 hie
114 713 237 762 tenetur
258 722 279 763 a
301 702 450 786 sapiente
474 695 641 776 delectus,
685 712 721 762 ut
744 711 800 762 aut
821 698 994 761 reiciendis
1029 698 1125 762 noio·

55 803 179 890 ptatibas
201 808 343 870 maiores
365 806 689 892 aliaspconsequatur
710 817 766 869 aut
785 804 986 890 perferendis
1005 805 1126 870 dolori·

56 911 104 976 bus
132 915 313 996 asperiores
343 912 494 998 repellat.
559 914 612 975 st.
652 911 747 976 Hane
774 933 836 997 ego
869 931 964 996 quom
996 924 1124 976 teneam

56 1022 248 1096 seutentiam,
275 1019 435 1104 quidest,
461 1040 518 1082 cor
542 1040 669 1095 uerear,
693 1040 734 1082 ue
758 1017 798 1081 ad
824 1040 896 1081 eam
916 1039 980 1081 noo
1002 1021 1125 1104 possim

56 1125 283 1188 adcommodare
313 1122 500 1210 Torquatos
533 1123 682 1188 nostrosi
704 1180 707 1188 .
727 1145 808 1209 quos
839 1137 872 1186 tu
904 1121 1018 1206 paullo
1050 1137 1125 1188 ante

58 1251 136 1314 quom
159 1231 357 1306 memoriter,
379 1242 448 1294 turo
474 1231 572 1294 etiam
598 1252 678 1318 erga
699 1251 758 1294 nos
781 1233 884 1294 amice
908 1243 941 1294 et
964 1229 1125 1296 bene'uola

101 1415 163 1467 atet)
176 1421 202 1459 ut
215 1416 242 1458 er'
252 1412 272 1456 E
306 1414 396 1467 esrum)
410 1412 528 1458 haramo
566 1417 591 1457 nt
604 1415 653 1468 ent)
667 1419 711 1458 aar
724 1419 752 1458 ot
765 1414 876 1459 IrMPcR
903 1413 1004 1458 rariores
1019 1436 1046 1446 -
1060 1426 1126 1471 aspe-

59 1488 125 1542 riores}
137 1493 234 1535 nataris
247 1509 275 1525 -
285 1493 419 1546 asperioris
430 1490 451 1533 tt
505 1481 670 1546 consequatur)
685 1497 871 1546 cousequantur
884 1489 903 1534 Ῑι
975 1489 1010 1536 dd.
1023 1489 1054 1534 sd
1066 1491 1126 1543 esus)

60 1567 156 1612 eme-s
182 1570 258 1624 quon)
273 1575 325 1611 turs
338 1565 429 1612 PMGR
455 1567 534 1620 snam)
547 1567 605 1611 etl!
686 1601 690 1612 r

60 1730 113 1784 artis
130 1731 254 1786 distincto
272 1735 365 1804 gradu
387 1740 415 1787 ot
433 1731 594 1788 discrimine
614 1734 778 1798 notionum,
816 1731 896 1787 uiiud
915 1733 969 1786 hoe
988 1732 1085 1787 nisum
1101 1740 1126 1787 st

62 1841 109 1876 erre
126 1831 203 1897 atqua
222 1827 305 1898 prins
328 1827 531 1895 (temporibus).
569 1828 628 1880 Gir.
650 1845 711 1896 quar
729 1827 766 1879 de
779 1833 862 1898 atque
879 1827 1009 1879 dicentur
1027 1827 1063 1878 ad
1082 1824 1126 1878 di.

62 1915 275 1983 s'eeesrtratttar,
312 1919 348 1971 sd
367 1919 441 1991 quod
461 1936 516 1972 uon
534 1918 656 1988 pertinet
673 1919 790 1982 debitis,
824 1918 865 1970 itu
884 1917 1007 1987 positum
1025 1924 1067 1982 st,
1092 1923 1126 1970 ut

62 2009 180 2064 attatinos
194 2029 248 2065 nou
268 2010 393 2063 maritum
413 2027 429 2063 a
448 2008 653 2082 significatione
668 2017 783 2078 propter
802 2007 1002 2079 propositionis
1020 2010 1128 2063 discre-

62 2109 106 2168 pet.
146 2103 287 2172 conparat
303 2103 465 2157 Matthieus
482 2109 523 2156 111
542 2103 578 2156 da
597 2103 685 2172 chg.
705 2101 755 2154 152
785 2101 881 2170 regaie
899 2102 1023 2154 ciuitatis
1038 2117 1128 2169 genos

62 2209 102 2242 sorr
122 2201 171 2246 tarr
188 2197 272 2264 regni
288 2213 369 2264 poam
389 2197 466 2265 regis
485 2195 564 2248 uitiis
582 2196 758 2264 repudiatum
778 2201 812 2247 rt.
847 2196 945 2264 Neque
964 2193 1038 2247 enim
1059 2192 1129 2246 sutis

62 2293 123 2336 reete
138 2287 200 2340 Otto
218 2289 259 2350 (in
279 2305 339 2341 exc.
356 2289 392 2341 sd
412 2291 446 2354 1,
478 2287 524 2354 42)
545 2287 640 2341 omnia
658 2284 823 2341 huiusmodi
846 2289 974 2357 escrnpts
994 2303 1129 2340 umonerc

63 2377 156 2440 studet,
189 2377 290 2449 purtim
318 2378 501 2436 instrumenti
535 2380 678 2434 notionem
707 2397 761 2434 non
788 2377 857 2433 sutis
886 2387 951 2450 epte
981 2379 1128 2444 adhibens,

64 2469 115 2520 utl
132 2469 164 2522 de
180 2468 272 2526 Dicin.
292 2470 341 2538 lt,
367 2471 472 2544 purtim
491 2471 577 2528 stiam
597 2471 695 2526 durius
714 2477 847 2538 tractans,
867 2481 899 2526 ut
916 2492 967 2546 pro
988 2475 1065 2528 Mur·
1083 2471 1127 2526 2³.

117 2579 181 2631 repe
201 2565 317 2632 eueniet)
357 2567 444 2634 Quod
459 2564 606 2620 Ernestius
624 2562 804 2638 requirebat,
833 2566 941 2631 euenit,
973 2566 1128 2637 irrepserat

64 2665 142 2706 errore
158 2655 183 2708 iu
203 2665 314 2711 ueteres
335 2657 472 2728 quasdam
494 2657 630 2722 editiones
649 2659 756 2723 (dunt,
797 2657 890 2725 Cret,
923 2658 1023 2712 deinde
1042 2659 1127 2719 Uict,

64 2741 167 2808 issum).
216 2749 283 2802 Mox
301 2748 449 2804 Manutius
467 2756 495 2803 ot
512 2748 620 2804 Lirinus
646 2767 702 2804 uon
720 2749 897 2804 incommode
915 2752 1012 2806 trorum
1037 2767 1128 2804 rernm

65 2835 100 2894 ide
115 2837 211 2907 quibus
230 2838 350 2913 agitur).

118 2937 148 2982 rrt
164 2939 211 2984 aut
228 2933 389 3000 reiciendis)
415 2933 462 2988 Sic
479 2931 565 2988 etiarn
583 2932 668 3004 Spin,
687 2933 715 2988 id
737 2940 794 3001 est,
813 2934 961 3000 meliores,
982 2935 1034 2988 etri
1052 2934 1127 2988 Uict.

66 3019 359 3092 combusserint,
394 3027 468 3095 quod
495 3045 580 3099 quoru
600 3034 673 3081 esset
694 3025 722 3081 in
742 3028 865 3098 antiquis
885 3027 964 3088 aad„
999 3025 1129 3080 nescios

65 3125 108 3178 tuo
123 3113 238 3183 primum
259 3123 420 3171 correctum
440 3117 476 3171 sit
494 3119 562 3184 (iuna
580 3119 609 3172 iu
629 3121 798 3175 druensiaua
817 3130 845 3175 et
863 3121 965 3190 crat).
1020 3116 1067 3172 Sic
1086 3123 1129 3172 to-

67 3217 123 3270 turn,
140 3206 188 3260 etsi
207 3218 301 3264 tacent
320 3210 416 3275 Grut,
434 3209 582 3277 nouimus,
606 3213 692 3275 Onu,
719 3213 747 3266 in
767 3229 864 3266 eorum
886 3209 1074 3265 deterioribus
1092 3211 1146 3264 li-.

68 3293 119 3360 iris,
136 3299 201 3356 Ore.
219 3300 334 3373 quidem
354 3302 502 3367 omuibus,
528 3304 664 3376 scriptum
686 3285 765 3370 erat,
802 3313 829 3358 et
848 3305 876 3358 iu
896 3304 1011 3383 (iciunis
1030 3311 1130 3374 preter

66 3387 111 3442 m.
134 3402 161 3446 et
181 3394 326 3465 Spirensi,
363 3396 588 3469 defendebatque
615 3399 766 3468 Wopkens.
793 3397 883 3451 Lectt.
909 3399 989 3452 Tuti.
1023 3418 1050 3468 p.
1076 3396 1129 3462 tta

66 3479 173 3540 iirsdius
196 3489 335 3553 (Turseli.
362 3495 389 3541 11
418 3507 445 3558 p.
472 3487 535 3554 snt)
560 3489 646 3543 etium
675 3486 789 3562 proprie
812 3481 868 3542 dici
900 3489 1016 3554 statuit,
1055 3487 1131 3557 quod

69 3583 126 3630 erret
140 3579 263 3649 aliquid,
292 3580 316 3634 si
336 3577 380 3634 lris
398 3589 448 3634 out
465 3587 496 3633 ut
514 3579 702 3645 scribes-etun
730 3600 831 3636 uerum
851 3587 911 3636 tom
932 3583 1034 3653 duplex
1051 3581 1131 3632 deta-

66 3673 111 3718 stus
125 3667 348 3742 significaretur,
382 3692 436 3728 rron
457 3692 540 3728 nous.
577 3675 712 3731 seiuncta
729 3675 794 3728 irinc
813 3683 854 3729 est
872 3673 1053 3747 neglegentis
1071 3673 1131 3736 itta,

67 3773 110 3822 sos
125 3768 204 3818 seruet
225 3772 254 3819 et
275 3765 381 3819 iterum
409 3775 472 3836 post
497 3773 529 3819 ut
553 3775 603 3820 aut
630 3769 807 3822 abundanter
832 3767 916 3822 atteri
940 3773 990 3820 unt
1017 3765 1132 3820 additor

67 3859 96 3904 Μ.
127 3855 243 3914 (Preter
259 3858 370 3912 Liuium
381 3896 390 3921 ,
408 3877 492 3929 quern
510 3861 642 3915 liuudins
662 3861 746 3928 citat,
765 3863 822 3918 uid.
838 3861 896 3915 cic.
916 3863 995 3915 Orat.
1015 3857 1093 3922 119.)

120 3945 158 4002 di.
204 3969 285 4022 quoru
303 3952 472 4016 memoriter,
510 3954 687 4022 tumetium)
728 3954 775 4009 Sic
794 3953 879 4008 etium
898 3953 991 4024 spis,
1031 3949 1131 4010 idest,

67 4041 173 4104 optatis
190 4044 276 4097 ceteri
296 4044 349 4098 (iai
368 4051 397 4098 et
417 4043 551 4100 aditiones
569 4046 693 4117 quedam
711 4054 769 4102 tura
786 4077 821 4089 -
840 4053 905 4100 toas.
932 4046 988 4097 ries
1006 4041 1135 4094 consocio

67 4133 86 4176 at
101 4143 115 4179 a
131 4129 353 4208 Stnerenbnrgic
371 4139 407 4190 ad
427 4136 482 4192 cic.
501 4157 553 4210 pro
571 4140 655 4193 troo.
676 4139 709 4193 31
731 4160 758 4211 p.
777 4139 847 4204 lot;
877 4134 977 4191 confici
996 4133 1052 4188 iam
1074 4134 1132 4208 pri-

68 4215 117 4270 tem
134 4231 259 4292 potuerat
274 4231 491 4286 Drakenborchi
510 4239 576 4288 nota
591 4235 626 4287 ad
641 4233 758 4287 Iriuinm
777 4231 833 4294 vt,
857 4229 907 4295 23,
934 4227 959 4282 a
1001 4233 1033 4283 ln
1051 4233 1133 4286 Uarr.

70 4307 109 4374 li,
143 4317 190 4372 lt7
207 4321 354 4394 Zumptior
372 4343 427 4380 uon
446 4325 648 4382 animaduertit
666 4342 745 4397 quom
764 4351 799 4364 -
819 4333 877 4376 ram
897 4319 996 4376 essein
1015 4331 1134 4394 optumo
