2728 4878
344 279 404 344 ΕΤ
427 279 537 346 Met..
559 279 643 346 Llll.
667 280 682 345 Ι
705 279 800 346 CAl‘.
822 285 853 344 u.
1108 291 1152 350 t»

73 475 209 540 subtilius
229 475 337 540 uelint
362 478 509 557 tradere,
551 489 584 540 et
609 489 731 564 negent
754 479 834 542 satia
857 497 950 555 ease,
992 481 1069 565 quid
1094 479 1150 547 bo·

73 575 135 646 anm
153 585 193 646 eit
214 597 271 646 aut
291 583 369 670 qnid
392 583 526 663 malum,
551 605 650 648 tensa
673 585 823 662 iudicari,
847 584 903 648 aed
917 581 1027 650 anime
1050 590 1149 653 etiam

73 711 102 752 ae
125 691 247 752 ratione
279 689 433 777 intellegi
461 711 579 776 pesae,
625 702 658 754 et
682 688 883 775 uoluptatem
903 691 1006 776 ipsam
1031 715 1090 776 per
1113 717 1149 759 re

73 815 132 858 erae
160 796 379 881 expetendam
410 810 443 860 et
474 796 621 862 dolorem
651 798 758 880 ipsum
781 817 839 878 per
862 817 897 858 se
923 819 996 862 esse
1020 801 1149 887 lugien-

73 900 146 964 dum.
186 901 300 988 ltaque
322 904 431 979 aiant,
467 902 552 967 hane
572 905 674 988 quasi
689 901 872 966 naturalem
898 916 995 989 atque
1018 908 1147 972 insitam

72 1009 226 1072 inanimis
251 1011 373 1072 nustria
394 1011 502 1074 inesse
526 1012 710 1086 notionem,
737 1021 772 1071 ut
794 1007 933 1073 alterum
958 1032 1030 1075 esse
1051 1014 1148 1100 adpe-

74 1114 205 1193 tendum,
250 1111 390 1178 alterurn
414 1117 654 1200 aspernandum
689 1118 881 1180 sentiamus.
945 1116 1016 1182 Alii
1037 1132 1147 1185 autem

74 1217 186 1304 (quibus
214 1243 277 1308 ego
308 1221 488 1305 adsentior)
522 1245 620 1308 quom
648 1244 667 1286 a
699 1220 906 1309 philosophis
935 1225 1147 1310 conpluribus

74 1325 215 1410 permulta
239 1328 408 1407 dieantur,
449 1352 506 1392 erm
532 1351 591 1392 nee
615 1326 769 1414 uoluptas
792 1331 824 1392 in
849 1328 945 1393 bonis
968 1333 1012 1393 ait
1035 1353 1147 1396 nume-

74 1433 158 1498 randa
187 1455 245 1499 nee
273 1436 307 1498 in
330 1433 425 1498 malis
450 1435 565 1514 dolor,
610 1457 675 1498 non
699 1437 902 1498 existumant
924 1449 1075 1518 oportere
1098 1441 1147 1502 ni-

75 1540 158 1602 miam
180 1562 237 1604 noa
261 1562 398 1606 caussae
422 1540 609 1621 confidere,
658 1541 714 1642 sed
739 1555 771 1604 et
793 1544 1087 1628 argumentandum
1114 1557 1146 1607 et

117 1705 304 1760 nummolum
319 1711 351 1753 rit
367 1710 389 1755 a
423 1709 604 1766 lpromporre)
620 1710 892 1766 r'peunrperrer'1uum
907 1709 928 1752 E
955 1709 1043 1765 inerte)
1059 1712 1144 1756 eereE

74 1781 348 1838 interemi-attornati}
375 1786 535 1843 oonplnrlbnr)
550 1787 747 1842 quamplurr'dne
763 1784 804 1828 EG
829 1783 1144 1839 ainamunateanrartnt

75 1857 126 1902 uua
148 1871 186 1904 ιιι
197 1862 248 1915 nee)
263 1861 348 1905 ent-E
376 1862 513 1916 neelnlae
530 1862 589 1906 aaa
617 1859 762 1914 reillumss

74 1998 248 2068 erplieabant‚
280 2001 355 2054 ande
378 2001 503 2055 oriretur
521 1999 589 2054 boni
607 1999 684 2053 notio
703 1999 851 2054 niueundi
870 1999 1015 2063 aeianetu,
1040 2000 1080 2056 rio
1099 2001 1144 2053 illi

73 2088 217 2164 erpellere
234 2093 306 2159 illo,
325 2110 382 2163 qua
401 2095 454 2148 hoc
473 2100 585 2148 tanturn
604 2091 805 2156 indicabatur,
823 2093 964 2163 quemodo
984 2091 1081 2161 eliqua
1100 2108 1144 2145 rer

73 2199 169 2236 reaaarn
185 2186 327 2252 adficeret,
345 2188 454 2240 frastra
473 2186 658 2250 ecliciebnnt,
676 2186 828 2255 petendam
848 2200 911 2237 eom
931 2201 1000 2238 erre.
1035 2175 1148 2253 leo'lp·¹

74 2281 164 2331 erest
186 2277 257 2332 enirn
285 2277 338 2332 illa
362 2277 502 2333 naturalia
528 2285 613 2351 atque
638 2279 723 2331 inrito
751 2278 778 2329 in
806 2278 904 2330 animis
927 2275 1029 2329 nostrie
1052 2276 1143 2338 notio;

74 2369 114 2420 aa.
131 2367 206 2441 liiog.
225 2371 319 2426 laniet.
340 2373 381 2435 x,
409 2370 461 2436 dil,
499 2371 791 2426 enumeranda
813 2369 918 2423 Strom·
943 2387 970 2438 p.
990 2367 1043 2422 157
1061 2366 1141 2438 sylo.

74 2459 305 2532 Loquitur-autem
324 2464 423 2518 Cicero
443 2482 519 2534 paene
538 2465 578 2518 ite
604 2470 750 2536 tamquam
778 2461 920 2533 Epicuron
948 2477 1011 2514 enm
1037 2477 1142 2531 eogun-

73 2557 292 2624 anputaaeritr
329 2564 416 2626 etque
441 2564 539 2630 aperte
564 2557 592 2609 id
618 2556 720 2610 diettl
748 2555 834 2609 tao.
854 2554 904 2618 ut,
942 2553 1096 2608 nl’latone
1115 2561 1142 2606 et

72 2644 156 2700 Steiris
175 2651 297 2702 colorem
326 2649 449 2702 ducent:
476 2651 577 2718 ltaque
602 2648 665 2702 iure
683 2645 711 2701 in
732 2649 785 2702 lroe
805 2645 903 2700 Cicero
923 2643 1141 2718 reprehenditur

72 2739 99 2790 ab
117 2739 163 2804 iia,
180 2739 224 2812 qui
244 2741 432 2811 philosophiae
452 2739 600 2795 historiam
619 2741 809 2811 scripserant,
831 2745 862 2794 ut
881 2755 973 2808 nuper
992 2755 1009 2792 a
1027 2737 1140 2802 ¹liitteru

72 2831 115 2896 (tu
130 2853 154 2903 p.
170 2835 223 2887 472
240 2835 284 2888 ed.
304 2837 345 2900 1).
383 2835 437 2888 Sed
456 2834 516 2906 ipre
534 2833 674 2904 Epicurus
692 2849 795 2906 purum
815 2831 983 2902 explicabat,
1002 2845 1058 2898 qun
1073 2835 1140 2882 ante

73 2939 126 2978 arra
140 2925 268 3000 πρόληψις
288 2945 305 2980 n
324 2928 400 2980 talea
420 2924 499 2998 rrulgi
518 2925 650 3009 opinione
670 2925 886 2980 discerneretur.

126 3021 206 3072 aiore
227 3021 309 3074 etiam
327 3039 362 3073 ue
379 3021 500 3088 ratione)
527 3018 695 3074 lnroleatiar
713 3015 781 3072 dixit
800 3017 908 3082 animo,
935 3033 1020 3088 quum
1039 3013 1139 3070 montio

73 3108 171 3168 mione
196 3113 418 3183 intellegentem
436 3113 485 3167 red
503 3110 639 3166 contrarii
656 3113 865 3182 intellegantur
880 3125 979 3162 aeneae
1004 3106 1137 3178 eorporis.

72 3199 103 3252 lte
115 3202 198 3258 aiente
209 3205 417 3276 significatioe
436 3207 561 3258 eruenda
578 3221 609 3258 ex
630 3205 747 3276 neganti
765 3203 883 3272 (negant
903 3217 961 3255 erre
980 3201 1062 3264 autir)
1079 3200 1137 3258 uid.
1241 3273 1245 3280 Ι

71 3294 141 3360 adit.
158 3297 200 3351 25.

124 3391 175 3443 Alii
191 3393 297 3458 nutem)
318 3388 421 3460 lliqui
439 3392 512 3458 rint,
541 3409 610 3463 quoe
629 3392 809 3460 Τοιιμιιιῑιιι,
838 3385 865 3440 id
886 3393 943 3451 ert,
973 3385 1071 3439 Cicero
1094 3385 1137 3438 ui·

70 3475 134 3534 detur
150 3482 309 3556 rignitirare
328 3489 356 3538 et
381 3483 441 3553 ipro
471 3483 615 3554 Epicuro,
652 3480 787 3537 mediocri
808 3478 1053 3534 animaduersione
1071 3497 1137 3532 eoa·

69 3577 143 3638 terto,
177 3583 203 3629 et
223 3576 300 3640 illie,
318 3571 366 3648 qui
387 3575 471 3628 inrita
491 3574 579 3629 animi
598 3575 712 3630 notione
731 3573 912 3639 nitebantur,
931 3572 1063 3628 rabtiliar
1081 3571 1136 3624 dir-

69 3669 169 3732 prateae,
186 3669 292 3734 nereio,
312 3685 373 3734 aec,
394 3667 461 3740 qaid
481 3666 608 3732 dixerint,
628 3666 757 3740 erprlient.
788 3670 861 3722 Nom
879 3685 943 3721 max
961 3685 1016 3720 nnn
1036 3663 1063 3718 in
1084 3665 1136 3717 nli-

68 3771 133 3809 oranr
150 3759 265 3816 illorum
284 3759 533 3832 argumentatione
551 3759 662 3833 pergit,
700 3762 749 3814 red
775 3761 810 3815 ad
838 3761 1025 3814 remouendar
1049 3757 1136 3826 iprioe

68 3844 161 3916 epicuri
178 3854 354 3926 argumentis
367 3851 558 3908 dubitatione·
570 3852 679 3908 transit.
717 3855 835 3917 Uretur,
856 3859 887 3907 ut
902 3853 1000 3906 Cicero
1020 3850 1078 3902 hree
1090 3865 1135 3902 rn-

67 3935 249 4015 tirrliligenter
267 3947 419 4017 arripuerit.
456 3947 585 4002 Editoree
603 3945 675 4001 nibil
698 3945 835 4001 dixerant.

123 4023 255 4108 deaurari
273 4040 371 4094 Etiam
389 4041 458 4095 Οιιι.
478 4037 561 4106 Ευξχ
581 4045 666 4111 etque
687 4041 747 4092 edd.
768 4044 838 4091 uett.
859 4037 937 4096 ulie,
968 4033 1053 4086 etiam
1073 4035 1134 4086 llat-

68 4125 133 4188 ιιιιῐ,
150 4131 293 4197 diruatur,
319 4139 369 4199 ut,
396 4132 463 4187 lieet
480 4137 595 4188 taceant
613 4133 771 4196 (irritetur,
793 4133 885 4193 llam,
904 4125 1009 4190 Gniar,
1035 4126 1087 4179 lrue
1107 4123 1134 4180 in

67 4219 180 4275 omnibar
197 4223 385 4280 deterioribus
404 4225 490 4281 irritae
509 4226 654 4297 adpareat.
701 4223 844 4278 Uictoriae
864 4219 988 4288 primur,
1025 4219 1134 4290 opinor.

67 4315 176 4368 (unexit.
212 4317 334 4374 bbiaarr
361 4320 487 4388 quoniam
508 4349 540 4360 -
561 4321 698 4374 diruatur.
