2990 4886
208 320 273 386 881
561 315 622 384 DE
643 313 821 384 FINIBUS
843 311 947 382 Bou.

210 533 293 603 gene
314 525 348 578 et
369 511 540 600 copiosum
564 513 611 575 ito
633 532 699 576 non
720 511 988 596 superstitiosus,
1010 521 1045 574 ut
1067 507 1129 574 iilo
1150 509 1303 597 piumruo

209 624 245 686 iu
274 641 334 686 euu
355 622 462 704 petrin
480 615 643 682 sacrificio
666 629 699 681 et
718 619 796 682 fanu
818 629 1059 692 contemneret3
1104 618 1152 682 ito
1175 639 1242 685 non
1262 621 1304 682 ti-

210 727 318 792 midus
340 726 380 791 ud
406 737 556 803 mortem,
578 726 671 788 utin
694 725 827 789 coiecit
852 722 894 788 ob
920 743 989 788 rem
1012 721 1178 809 publicoru
1200 726 1302 790 iuter-

210 834 327 899 iectue.
396 835 449 898 ot.
478 829 681 917 Cupiditates
713 852 779 895 non
803 831 937 917 Epicuri
967 830 1130 894 diuisione
1155 829 1303 910 finiebat,

211 940 268 1006 ced
288 960 348 1005 cue
368 941 533 1005 satietate.
586 936 741 1002 Habebat
762 951 871 1003 tanuen
897 939 1057 1001 reticueru
1080 935 1302 1012 ualetudinic3

210 1045 363 1110 utebatur
391 1047 434 1107 iis
461 1043 776 1123 exercitationibus,
819 1057 855 1107 ut
872 1043 913 1106 ud
940 1064 1074 1108 coenum
1098 1057 1131 1108 et
1154 1046 1303 1108 esuriens

212 1155 375 1218 cteitieus
399 1153 546 1225 ueniret;
589 1171 629 1215 eo
651 1148 744 1229 cibo,
777 1150 833 1235 qui
857 1163 889 1213 et
911 1153 1139 1214 conuicerimus
1162 1163 1250 1214 eruet
1271 1162 1303 1212 et

211 1259 299 1323 idem
326 1255 515 1321 facillumus
536 1257 575 1320 ad
599 1257 884 1342 concoquendum
929 1259 1006 1320 uino
1031 1269 1062 1319 ct
1084 1256 1127 1320 cd
1148 1254 1301 1340 uoluptu-

212 1378 278 1430 tom
300 1377 333 1428 et
357 1384 399 1427 ne
421 1375 565 1427 noceret.
615 1360 733 1427 Cetera
758 1361 817 1427 ille
836 1354 1030 1439 adhibebat,
1071 1360 1189 1448 quibus
1215 1362 1305 1425 denu-

267 1546 392 1602 rrcriflcit)
405 1544 530 1600 eteucrts.
541 1543 583 1590 0r.
662 1545 697 1591 81.
708 1545 832 1598 rationem)
846 1547 944 1591 ratione
956 1557 1044 1592 omnen
1096 1543 1134 1600 tie)
1148 1543 1305 1600 eremmon.

151 1679 160 1700 r
211 1621 459 1678 coenem)reenarnss
520 1620 759 1677 eteeurieurcteit.)
775 1621 905 1667 etrtetenr
918 1621 1021 1670 cter.B
1054 1619 1249 1678 concoquendum)
1267 1631 1305 1665 ce-

212 1703 336 1756 ereum
350 1699 392 1744 110

214 1853 320 1910 corticis
337 1853 509 1923 rcripturem
527 1853 570 1920 (et
591 1853 649 1905 ciue
666 1851 779 1923 generir
796 1852 992 1923 intellegent),
1031 1869 1115 1926 quum
1131 1867 1199 1906 num
1218 1847 1304 1905 ceteri

213 1963 324 2018 quoque
342 1947 475 2002 melioret
492 1941 663 2011 habuerint,
682 1943 793 2006 noerio,
814 1946 936 2014 prebere
954 1963 1078 2018 poenum.
1115 1946 1189 2001 Num
1208 1944 1237 1996 iri
1253 1959 1304 2012 ge·

213 2057 265 2094 nur
283 2039 318 2092 de
341 2037 411 2109 ipoir
437 2035 633 2108 uoluptetibue
659 2053 761 2107 purum
789 2045 856 2108 epte
882 2038 1003 2106 dicitnr,
1045 2057 1097 2093 uec
1118 2035 1196 2093 uliud
1215 2037 1307 2090 uiiuru

214 2131 393 2202 intellegitur
428 2147 533 2202 genua,
573 2129 619 2185 cui
651 2130 707 2184 boc
742 2130 915 2184 contrarium
948 2131 992 2186 rit.
1054 2133 1190 2186 Luteutue
1217 2127 1306 2193 eliud,

213 2221 316 2278 neeric.

283 2317 335 2369 iiio
350 2315 481 2384 piueuuto
496 2339 533 2356 ·-
550 2315 693 2382 eocrrficio
714 2319 742 2367 et
755 2315 843 2384 seno)
862 2331 879 2368 e
898 2312 999 2387 quibus
1017 2313 1203 2369 uotiuumum
1221 2314 1307 2368 Iuno·

214 2407 257 2462 nir
275 2407 392 2478 Sospite
412 2409 562 2478 tempium.
622 2407 756 2460 Pereumc
775 2405 860 2462 (irinc
881 2425 914 2462 cx
933 2409 976 2462 eri.
996 2405 1101 2461 Marcie
1120 2413 1148 2460 et
1165 2405 1307 2472 eucrificiu

215 2501 346 2565 etheo,
378 2501 451 2569 quoti
471 2498 510 2551 ric
528 2497 651 2563 dicitur,
690 2502 833 2570 tamquam
852 2501 923 2556 duee
941 2518 986 2555 ree
1004 2499 1157 2572 emarcum
1176 2496 1306 2568 intellegi

216 2591 316 2645 cicero
334 2589 407 2644 uelit
426 2595 454 2642 ct
476 2588 504 2642 iu
524 2605 558 2642 eo
585 2589 720 2644 momenti
743 2592 852 2664 eliquit
879 2609 958 2658 eree,
995 2593 1069 2665 quod
1089 2597 1240 2660 utrumque
1257 2587 1307 2643 ilie

215 2681 423 2751 contempnet-it.
469 2680 577 2736 Uitioee
594 2682 654 2734 buc
671 2680 815 2752 particule
834 2682 1007 2755 geminatio,
1032 2699 1117 2756 quem
1136 2681 1223 2737 etiem
1239 2683 1274 2737 uri
1293 2683 1306 2735 1

215 2773 283 2844 §22
300 2774 474 2846 reprehendi
493 2775 536 2842 (et
554 2774 623 2827 oiim
645 2775 672 2828 in
693 2777 776 2828 Uerr.
792 2777 845 2841 lv,
862 2777 923 2845 81),
940 2776 1040 2847 cepiur
1059 2776 1226 2846 expellendo
1243 2775 1306 2842 erit,

215 2873 248 2922 ut
264 2868 293 2920 b.
314 2867 380 2922 libr.
397 2865 432 2921 et
450 2867 489 2933 (et
505 2867 615 2919 tuebere
632 2873 659 2920 et
676 2867 811 2935 muniet),
844 2867 896 2935 iv,
921 2871 940 2922 7
962 2874 1001 2930 (ct
1023 2869 1096 2921 Zeno
1114 2873 1141 2921 et
1159 2868 1207 2942 qui
1223 2869 1257 2920 ub
1275 2883 1307 2920 eo

216 2966 298 3023 erent,
333 2958 414 3032 queri
432 2974 486 3012 non
507 2975 565 3012 une
582 2959 682 3013 ecboio
698 2956 907 3030 significetur),
943 2962 997 3026 iv,
1016 2959 1051 3014 48
1064 2962 1108 3028 (et
1125 2960 1163 3012 cd
1180 2966 1306 3012 naturum

215 3053 425 3106 adcommodato
449 3057 477 3104 et
500 3067 552 3120 per
570 3068 599 3105 ee
617 3053 818 3120 contenenda),
857 3054 896 3119 V,
935 3054 971 3108 lt
988 3056 1029 3120 (et
1047 3055 1114 3106 uitro
1131 3052 1180 3106 reia
1197 3053 1307 3118 consor·

216 3145 353 3214 actioque
377 3144 494 3198 omnium
520 3145 709 3213 officiorrmir
745 3145 798 3199 boe
830 3145 901 3200 duoe
926 3152 1084 3218 poetrcmor
1115 3147 1193 3200 ioroe
1234 3143 1307 3198 intem

217 3235 304 3291 Geiur
322 3244 495 3309 corruperat.

287 3328 332 3382 ct.
370 3329 407 3381 ud
428 3331 660 3398 concoquendum)
678 3325 863 3399 Erieugeueir
881 3327 1051 3397 rcripturum
1071 3329 1144 3384 nibil
1166 3327 1309 3384 uieimeu·

220 3419 287 3472 dnm
306 3426 393 3488 pute,
413 3421 460 3490 qui
480 3437 544 3476 cnm
563 3419 731 3491 Speluiugio
750 3420 800 3485 (ed
820 3418 915 3490 Quint.
936 3421 1019 3487 vlit,
1035 3423 1067 3486 4,
1087 3423 1135 3490 18)
1155 3437 1308 3492 numquam

218 3525 334 3584 coquere
353 3511 443 3564 cibum
463 3530 514 3583 pro
532 3527 698 3579 concoquere
716 3510 824 3566 uictum
842 3513 965 3567 credam.
1019 3513 1117 3585 Neque
1140 3514 1214 3567 eninr
1238 3531 1305 3567 uor-

218 3603 287 3656 bum
305 3601 334 3655 iu
353 3619 386 3656 eo
408 3603 468 3673 ipro
488 3604 684 3666 rubetuutino,
718 3602 746 3656 iu
769 3621 824 3674 quo
842 3613 949 3659 certem
970 3605 1145 3677 (pbyeirum)
1164 3603 1310 3677 significu-

218 3694 324 3749 tiouem
344 3695 482 3761 heberet,
501 3695 650 3750 truneierri
664 3695 722 3751 olio
741 3697 841 3767 potuit.
879 3703 979 3769 Itoquc
997 3697 1082 3752 etium
1102 3699 1136 3753 Ν.
1158 3693 1311 3759 n.11,1e7

220 3787 343 3841 eeribm
363 3795 518 3842 concoctos.

290 3885 317 3933 et
334 3897 369 3934 ne
389 3887 511 3949 noceret)
532 3882 561 3935 id
580 3887 631 3948 eet,
650 3899 714 3936 curn
737 3897 770 3935 eu
788 3880 929 3947 cautione,
948 3899 984 3936 ne
1002 3888 1127 3936 noceret.
1160 3881 1249 3934 necte
1266 3883 1311 3934 tu·

219 3989 284 4026 men
305 3973 524 4049 werenbergiue
538 3981 644 4041 monet,
665 3975 830 4030 ciceronem
849 3975 904 4028 bec
922 3971 1129 4047 riguiticutiouc
1148 3971 1219 4028 ciibi
1238 3985 1312 4025 eem-

219 4079 271 4136 per
289 4065 382 4120 dicere
400 4075 432 4122 ut
450 4085 485 4122 ne
503 4067 545 4136 (in
564 4069 646 4124 Uere.
666 4067 710 4134 11,
735 4067 787 4134 78,
826 4083 881 4138 pro
899 4068 983 4120 uon„
1008 4067 1070 4122 Am.
1087 4065 1138 4130 88,
1176 4064 1210 4118 ni
1230 4063 1309 4116 Fene.

219 4158 293 4224 XVI,
310 4159 337 4222 9,
355 4159 383 4224 8,
402 4162 457 4216 boc
475 4177 562 4232 opere
577 4161 626 4226 tv,
643 4157 688 4226 87,
706 4161 741 4214 rie
758 4159 814 4214 ott.
834 4165 873 4224 11,
889 4157 935 4226 78,
953 4159 989 4212 tie
1006 4157 1069 4214 uer.
1088 4155 1142 4221 89,
1166 4155 1217 4212 ubi
1234 4153 1313 4219 item,

220 4255 252 4303 nt
270 4251 335 4313 bic,
372 4269 427 4308 uon
455 4255 586 4325 precedit
612 4253 675 4319 ite).
725 4253 779 4307 Sed
806 4259 901 4307 tumen
928 4252 1050 4323 eimplex
1072 4267 1108 4305 ue
1130 4250 1170 4304 ric
1197 4247 1313 4319 ponitur

223 4343 298 4412 uputi
317 4345 435 4402 Terent.
450 4349 556 4402 chut.
577 4347 625 4412 lv,
642 4345 714 4414 8(8)
732 4343 776 4412 85,
793 4345 861 4399 (ior.
879 4345 956 4400 Μ.
970 4344 1023 4407 iii,
1042 4339 1211 4411 §tutantium
1229 4335 1313 4403 nuit
