<?xml version="1.0" encoding="UTF-8"?>
<!DOCTYPE html PUBLIC "-//W3C//DTD XHTML 1.0 Transitional//EN"
    "http://www.w3.org/TR/xhtml1/DTD/xhtml1-transitional.dtd">
<html xmlns="http://www.w3.org/1999/xhtml" xml:lang="en" lang="en">
 <head>
  <title>
</title>
<meta http-equiv="Content-Type" content="text/html;charset=utf-8" />
  <meta name='ocr-system' content='tesseract 3.04.00' />
  <meta name='ocr-capabilities' content='ocr_page ocr_carea ocr_par ocr_line ocrx_word'/>
</head>
<body>
  <div class='ocr_page' id='page_1' title='image "./mtulliciceronis01madvgoog_0057.png"; bbox 0 0 2788 4886; ppageno 0'>
   <div class='ocr_carea' id='block_1_1' title="bbox 304 250 989 328">
    <p class='ocr_par' dir='ltr' id='par_1_1' title="bbox 304 250 989 328">
     <span class='ocr_line' id='line_1_1' title="bbox 304 250 989 328; baseline -0.015 0"><span class='ocrx_word' id='word_1_1' title='bbox 304 255 455 328; x_wconf 68' lang='lat' dir='ltr'>nautii</span> <span class='ocrx_word' id='word_1_2' title='bbox 729 250 989 320; x_wconf 66' lang='lat' dir='ltr'>marnaio.</span> 
     </span>
    </p>
   </div>
   <div class='ocr_carea' id='block_1_2' title="bbox 304 447 1330 538">
    <p class='ocr_par' dir='ltr' id='par_1_2' title="bbox 304 447 1330 538">
     <span class='ocr_line' id='line_1_2' title="bbox 304 447 1330 538; baseline -0.004 -17"><span class='ocrx_word' id='word_1_3' title='bbox 304 447 545 522; x_wconf 87' lang='lat' dir='ltr'>emendationia</span> <span class='ocrx_word' id='word_1_4' title='bbox 575 449 808 538; x_wconf 72' lang='lat' dir='ltr'>inuestigatio,</span> <span class='ocrx_word' id='word_1_5' title='bbox 841 461 877 512; x_wconf 91' lang='lat' dir='ltr'>ut</span> <span class='ocrx_word' id='word_1_6' title='bbox 899 449 932 514; x_wconf 92' lang='lat' dir='ltr'>id</span> <span class='ocrx_word' id='word_1_7' title='bbox 954 451 1156 537; x_wconf 69' lang='lat' dir='ltr'>reperiatur,</span> <span class='ocrx_word' id='word_1_8' title='bbox 1178 451 1279 538; x_wconf 77' lang='lat' dir='ltr'>quod</span> <span class='ocrx_word' id='word_1_9' title='bbox 1311 473 1330 516; x_wconf 93' lang='lat' dir='ltr'>u</span> 
     </span>
    </p>
   </div>
   <div class='ocr_carea' id='block_1_3' title="bbox 257 556 1330 3732">
    <p class='ocr_par' dir='ltr' id='par_1_3' title="bbox 305 556 1330 1606">
     <span class='ocr_line' id='line_1_3' title="bbox 306 556 1330 632; baseline -0.002 -4"><span class='ocrx_word' id='word_1_10' title='bbox 306 561 368 628; x_wconf 83' lang='lat' dir='ltr'>bue</span> <span class='ocrx_word' id='word_1_11' title='bbox 401 557 549 624; x_wconf 85' lang='lat' dir='ltr'>eodiouur</span> <span class='ocrx_word' id='word_1_12' title='bbox 577 556 707 620; x_wconf 85' lang='lat' dir='ltr'>iudioiia</span> <span class='ocrx_word' id='word_1_13' title='bbox 737 569 770 621; x_wconf 90' lang='lat' dir='ltr'>et</span> <span class='ocrx_word' id='word_1_14' title='bbox 798 559 1033 632; x_wconf 58' lang='lat' dir='ltr'>sententium</span> <span class='ocrx_word' id='word_1_15' title='bbox 1063 560 1209 622; x_wconf 88' lang='lat' dir='ltr'>orationi</span> <span class='ocrx_word' id='word_1_16' title='bbox 1234 561 1330 626; x_wconf 73' lang='lat' dir='ltr'>itae</span> 
     </span>
     <span class='ocr_line' id='line_1_4' title="bbox 306 660 1312 752; baseline -0.006 -18"><span class='ocrx_word' id='word_1_17' title='bbox 306 666 507 742; x_wconf 81' lang='lat' dir='ltr'>ratiriaoiat,</span> <span class='ocrx_word' id='word_1_18' title='bbox 555 675 591 726; x_wconf 90' lang='lat' dir='ltr'>ut</span> <span class='ocrx_word' id='word_1_19' title='bbox 617 660 704 728; x_wconf 81' lang='lat' dir='ltr'>uilril</span> <span class='ocrx_word' id='word_1_20' title='bbox 727 661 816 727; x_wconf 90' lang='lat' dir='ltr'>aliud</span> <span class='ocrx_word' id='word_1_21' title='bbox 838 664 879 728; x_wconf 84' lang='lat' dir='ltr'>iia</span> <span class='ocrx_word' id='word_1_22' title='bbox 903 663 1101 751; x_wconf 86' lang='lat' dir='ltr'>reapoadere</span> <span class='ocrx_word' id='word_1_23' title='bbox 1124 665 1312 752; x_wconf 86' lang='lat' dir='ltr'>adpareat.</span> 
     </span>
     <span class='ocr_line' id='line_1_5' title="bbox 307 769 1330 861; baseline -0.004 -21"><span class='ocrx_word' id='word_1_24' title='bbox 307 796 371 861; x_wconf 80' lang='lat' dir='ltr'>qao</span> <span class='ocrx_word' id='word_1_25' title='bbox 399 787 435 838; x_wconf 90' lang='grc' dir='ltr'>ιιι</span> <span class='ocrx_word' id='word_1_26' title='bbox 465 785 517 837; x_wconf 83' lang='lat' dir='ltr'>eat</span> <span class='ocrx_word' id='word_1_27' title='bbox 545 769 689 835; x_wconf 79' lang='lat' dir='ltr'>ielioitae</span> <span class='ocrx_word' id='word_1_28' title='bbox 724 770 871 857; x_wconf 78' lang='lat' dir='ltr'>quadarn</span> <span class='ocrx_word' id='word_1_29' title='bbox 902 783 935 836; x_wconf 90' lang='lat' dir='ltr'>et</span> <span class='ocrx_word' id='word_1_30' title='bbox 958 791 1066 857; x_wconf 79' lang='lat' dir='ltr'>tagax</span> <span class='ocrx_word' id='word_1_31' title='bbox 1091 772 1195 836; x_wconf 85' lang='lat' dir='ltr'>animi</span> <span class='ocrx_word' id='word_1_32' title='bbox 1229 784 1330 836; x_wconf 87' lang='lat' dir='ltr'>motu</span> 
     </span>
     <span class='ocr_line' id='line_1_6' title="bbox 305 877 1330 964; baseline -0.004 -17"><span class='ocrx_word' id='word_1_33' title='bbox 305 885 349 947; x_wconf 82' lang='lat' dir='ltr'>iia</span> <span class='ocrx_word' id='word_1_34' title='bbox 369 879 529 946; x_wconf 73' lang='lat' dir='ltr'>celeriter.</span> <span class='ocrx_word' id='word_1_35' title='bbox 544 877 794 964; x_wconf 68' lang='lat' dir='ltr'><strong>excogitandis,</strong></span> <span class='ocrx_word' id='word_1_36' title='bbox 844 899 915 964; x_wconf 76' lang='lat' dir='ltr'>quoe</span> <span class='ocrx_word' id='word_1_37' title='bbox 942 879 1117 964; x_wconf 74' lang='lat' dir='ltr'>scriptoria</span> <span class='ocrx_word' id='word_1_38' title='bbox 1135 879 1256 943; x_wconf 86' lang='lat' dir='ltr'>animo</span> <span class='ocrx_word' id='word_1_39' title='bbox 1289 879 1330 944; x_wconf 79' lang='lat' dir='ltr'>oi</span> 
     </span>
     <span class='ocr_line' id='line_1_7' title="bbox 305 984 1330 1074; baseline -0.004 -20"><span class='ocrx_word' id='word_1_40' title='bbox 305 1009 379 1072; x_wconf 78' lang='lat' dir='ltr'>aero</span> <span class='ocrx_word' id='word_1_41' title='bbox 402 984 586 1074; x_wconf 88' lang='lat' dir='ltr'>potuerint,</span> <span class='ocrx_word' id='word_1_42' title='bbox 629 1003 728 1070; x_wconf 87' lang='lat' dir='ltr'>quom</span> <span class='ocrx_word' id='word_1_43' title='bbox 757 984 871 1050; x_wconf 89' lang='lat' dir='ltr'>eodem</span> <span class='ocrx_word' id='word_1_44' title='bbox 902 987 1060 1072; x_wconf 79' lang='lat' dir='ltr'>temporie</span> <span class='ocrx_word' id='word_1_45' title='bbox 1083 997 1257 1052; x_wconf 88' lang='lat' dir='ltr'>momento</span> <span class='ocrx_word' id='word_1_46' title='bbox 1285 1005 1330 1050; x_wconf 73' lang='lat' dir='ltr'>eu</span> 
     </span>
     <span class='ocr_line' id='line_1_8' title="bbox 306 1092 1330 1182; baseline -0.008 -18"><span class='ocrx_word' id='word_1_47' title='bbox 306 1113 378 1164; x_wconf 85' lang='lat' dir='ltr'>tera</span> <span class='ocrx_word' id='word_1_48' title='bbox 397 1107 488 1182; x_wconf 86' lang='lat' dir='ltr'>parte</span> <span class='ocrx_word' id='word_1_49' title='bbox 511 1103 675 1170; x_wconf 89' lang='lat' dir='ltr'>oeeurrat,</span> <span class='ocrx_word' id='word_1_50' title='bbox 705 1112 809 1177; x_wconf 76' lang='lat' dir='ltr'>equa</span> <span class='ocrx_word' id='word_1_51' title='bbox 829 1113 910 1156; x_wconf 88' lang='lat' dir='ltr'>uera</span> <span class='ocrx_word' id='word_1_52' title='bbox 932 1093 1050 1158; x_wconf 82' lang='lat' dir='ltr'>forare.</span> <span class='ocrx_word' id='word_1_53' title='bbox 1065 1092 1152 1172; x_wconf 77' lang='lat' dir='ltr'>hue,</span> <span class='ocrx_word' id='word_1_54' title='bbox 1194 1113 1274 1179; x_wconf 74' lang='lat' dir='ltr'>quae</span> <span class='ocrx_word' id='word_1_55' title='bbox 1300 1093 1330 1156; x_wconf 85' lang='lat' dir='ltr'>fr</span> 
     </span>
     <span class='ocr_line' id='line_1_9' title="bbox 307 1200 1330 1286; baseline -0.008 -16"><span class='ocrx_word' id='word_1_56' title='bbox 307 1225 393 1270; x_wconf 79' lang='lat' dir='ltr'>aune</span> <span class='ocrx_word' id='word_1_57' title='bbox 407 1212 536 1278; x_wconf 74' lang='lat' dir='ltr'>restet,</span> <span class='ocrx_word' id='word_1_58' title='bbox 557 1211 635 1262; x_wconf 88' lang='lat' dir='ltr'>nata</span> <span class='ocrx_word' id='word_1_59' title='bbox 650 1200 716 1277; x_wconf 80' lang='lat' dir='ltr'>ait,</span> <span class='ocrx_word' id='word_1_60' title='bbox 734 1200 782 1262; x_wconf 80' lang='lat' dir='ltr'>ito</span> <span class='ocrx_word' id='word_1_61' title='bbox 799 1200 970 1284; x_wconf 87' lang='lat' dir='ltr'>prudentia</span> <span class='ocrx_word' id='word_1_62' title='bbox 989 1212 1059 1279; x_wconf 85' lang='lat' dir='ltr'>ert,</span> <span class='ocrx_word' id='word_1_63' title='bbox 1093 1201 1200 1278; x_wconf 80' lang='lat' dir='ltr'>eoire,</span> <span class='ocrx_word' id='word_1_64' title='bbox 1224 1219 1330 1286; x_wconf 70' lang='lat' dir='ltr'>quous</span> 
     </span>
     <span class='ocr_line' id='line_1_10' title="bbox 306 1304 1330 1401; baseline -0.004 -25"><span class='ocrx_word' id='word_1_65' title='bbox 306 1309 462 1401; x_wconf 75' lang='lat' dir='ltr'><strong>progredi</strong></span> <span class='ocrx_word' id='word_1_66' title='bbox 482 1308 598 1394; x_wconf 78' lang='lat' dir='ltr'>possit.</span> <span class='ocrx_word' id='word_1_67' title='bbox 662 1304 748 1372; x_wconf 85' lang='lat' dir='ltr'>Nam</span> <span class='ocrx_word' id='word_1_68' title='bbox 765 1305 836 1372; x_wconf 84' lang='lat' dir='ltr'>alia</span> <span class='ocrx_word' id='word_1_69' title='bbox 865 1304 996 1372; x_wconf 83' lang='lat' dir='ltr'>uidebit.</span> <span class='ocrx_word' id='word_1_70' title='bbox 1021 1326 1154 1389; x_wconf 84' lang='lat' dir='ltr'>prorrua</span> <span class='ocrx_word' id='word_1_71' title='bbox 1181 1327 1204 1370; x_wconf 91' lang='lat' dir='ltr'>a</span> <span class='ocrx_word' id='word_1_72' title='bbox 1228 1325 1269 1369; x_wconf 79' lang='lat' dir='ltr'>ee</span> <span class='ocrx_word' id='word_1_73' title='bbox 1292 1329 1330 1372; x_wconf 82' lang='lat' dir='ltr'>aa</span> 
     </span>
     <span class='ocr_line' id='line_1_11' title="bbox 307 1413 1330 1508; baseline -0.007 -24"><span class='ocrx_word' id='word_1_74' title='bbox 307 1439 424 1508; x_wconf 78' lang='lat' dir='ltr'>porse,</span> <span class='ocrx_word' id='word_1_75' title='bbox 446 1414 513 1480; x_wconf 81' lang='lat' dir='ltr'>elia</span> <span class='ocrx_word' id='word_1_76' title='bbox 537 1415 602 1490; x_wconf 88' lang='lat' dir='ltr'>ita,</span> <span class='ocrx_word' id='word_1_77' title='bbox 626 1424 662 1476; x_wconf 87' lang='lat' dir='ltr'>ut</span> <span class='ocrx_word' id='word_1_78' title='bbox 685 1415 850 1478; x_wconf 87' lang='lat' dir='ltr'>rententia</span> <span class='ocrx_word' id='word_1_79' title='bbox 874 1426 909 1477; x_wconf 86' lang='lat' dir='ltr'>et</span> <span class='ocrx_word' id='word_1_80' title='bbox 929 1415 1086 1477; x_wconf 86' lang='lat' dir='ltr'>uniuerra</span> <span class='ocrx_word' id='word_1_81' title='bbox 1108 1413 1274 1476; x_wconf 82' lang='lat' dir='ltr'>orationia</span> <span class='ocrx_word' id='word_1_82' title='bbox 1297 1413 1330 1478; x_wconf 84' lang='lat' dir='ltr'>fu</span> 
     </span>
     <span class='ocr_line' id='line_1_12' title="bbox 308 1517 1308 1606; baseline -0.008 -16"><span class='ocrx_word' id='word_1_83' title='bbox 308 1527 560 1600; x_wconf 71' lang='lat' dir='ltr'>demonstretur,</span> <span class='ocrx_word' id='word_1_84' title='bbox 581 1517 649 1584; x_wconf 86' lang='lat' dir='ltr'>alia</span> <span class='ocrx_word' id='word_1_85' title='bbox 664 1518 880 1606; x_wconf 85' lang='lat' dir='ltr'>relinquendo</span> <span class='ocrx_word' id='word_1_86' title='bbox 904 1539 989 1584; x_wconf 77' lang='lat' dir='ltr'>esee.</span> <span class='ocrx_word' id='word_1_87' title='bbox 1028 1517 1101 1584; x_wconf 80' lang='lat' dir='ltr'>lloo</span> <span class='ocrx_word' id='word_1_88' title='bbox 1120 1519 1221 1583; x_wconf 89' lang='lat' dir='ltr'>&#39;modo</span> <span class='ocrx_word' id='word_1_89' title='bbox 1246 1520 1308 1604; x_wconf 87' lang='lat' dir='ltr'>qui</span> 
     </span>
    </p>

    <p class='ocr_par' dir='ltr' id='par_1_4' title="bbox 257 1623 1330 2143">
     <span class='ocr_line' id='line_1_13' title="bbox 310 1623 1330 1710; baseline -0.01 -14"><span class='ocrx_word' id='word_1_90' title='bbox 310 1633 468 1696; x_wconf 77' lang='lat' dir='ltr'>iacturam</span> <span class='ocrx_word' id='word_1_91' title='bbox 493 1623 734 1703; x_wconf 81' lang='lat' dir='ltr'>moderabitur,</span> <span class='ocrx_word' id='word_1_92' title='bbox 777 1629 807 1691; x_wconf 90' lang='lat' dir='ltr'>ir</span> <span class='ocrx_word' id='word_1_93' title='bbox 831 1624 1019 1692; x_wconf 75' lang='lat' dir='ltr'>emendabit</span> <span class='ocrx_word' id='word_1_94' title='bbox 1050 1638 1200 1690; x_wconf 89' lang='lat' dir='ltr'>ueterum</span> <span class='ocrx_word' id='word_1_95' title='bbox 1225 1625 1330 1710; x_wconf 76' lang='lat' dir='ltr'>euripi</span> 
     </span>
     <span class='ocr_line' id='line_1_14' title="bbox 310 1730 1330 1814; baseline -0.004 -12"><span class='ocrx_word' id='word_1_96' title='bbox 310 1735 531 1802; x_wconf 86' lang='lat' dir='ltr'>emendationi</span> <span class='ocrx_word' id='word_1_97' title='bbox 552 1730 803 1812; x_wconf 62' lang='lat' dir='ltr'>auteaooufiden</span> <span class='ocrx_word' id='word_1_98' title='bbox 822 1735 863 1798; x_wconf 91' lang='lat' dir='ltr'>de</span> <span class='ocrx_word' id='word_1_99' title='bbox 887 1734 1049 1814; x_wconf 79' lang='lat' dir='ltr'>modestia</span> <span class='ocrx_word' id='word_1_100' title='bbox 1069 1746 1179 1796; x_wconf 90' lang='lat' dir='ltr'>autem</span> <span class='ocrx_word' id='word_1_101' title='bbox 1202 1735 1330 1798; x_wconf 81' lang='lat' dir='ltr'>oonieot</span> 
     </span>
     <span class='ocr_line' id='line_1_15' title="bbox 257 1838 1330 1929; baseline -0.003 -25"><span class='ocrx_word' id='word_1_102' title='bbox 257 1895 262 1904; x_wconf 91' lang='lat'><strong>.</strong></span> <span class='ocrx_word' id='word_1_103' title='bbox 310 1857 368 1910; x_wconf 87' lang='lat' dir='ltr'>aut</span> <span class='ocrx_word' id='word_1_104' title='bbox 391 1841 588 1929; x_wconf 76' lang='lat' dir='ltr'>temptandae</span> <span class='ocrx_word' id='word_1_105' title='bbox 618 1851 675 1904; x_wconf 89' lang='lat' dir='ltr'>aut</span> <span class='ocrx_word' id='word_1_106' title='bbox 702 1841 862 1906; x_wconf 81' lang='lat' dir='ltr'>itt-textu</span> <span class='ocrx_word' id='word_1_107' title='bbox 891 1841 1050 1928; x_wconf 77' lang='lat' dir='ltr'>ponendae</span> <span class='ocrx_word' id='word_1_108' title='bbox 1071 1841 1118 1904; x_wconf 88' lang='lat' dir='ltr'>ita</span> <span class='ocrx_word' id='word_1_109' title='bbox 1145 1838 1330 1918; x_wconf 86' lang='lat' dir='ltr'>iudicabit,</span> 
     </span>
     <span class='ocr_line' id='line_1_16' title="bbox 310 1942 1330 2036; baseline -0.003 -19"><span class='ocrx_word' id='word_1_110' title='bbox 310 1957 381 2017; x_wconf 83' lang='lat' dir='ltr'>arte</span> <span class='ocrx_word' id='word_1_111' title='bbox 404 1948 560 2036; x_wconf 89' lang='lat' dir='ltr'>quidquid</span> <span class='ocrx_word' id='word_1_112' title='bbox 582 1946 759 2034; x_wconf 80' lang='lat' dir='ltr'>prudenter</span> <span class='ocrx_word' id='word_1_113' title='bbox 780 1943 864 2028; x_wconf 76' lang='lat' dir='ltr'>fiat,</span> <span class='ocrx_word' id='word_1_114' title='bbox 910 1949 1001 2012; x_wconf 74' lang='lat' dir='ltr'>aetio·</span> <span class='ocrx_word' id='word_1_115' title='bbox 1016 1946 1162 2010; x_wconf 81' lang='lat' dir='ltr'>ruodeete</span> <span class='ocrx_word' id='word_1_116' title='bbox 1179 1942 1274 2010; x_wconf 72' lang='lat' dir='ltr'>diari-</span> <span class='ocrx_word' id='word_1_117' title='bbox 1324 1943 1330 2014; x_wconf 86' lang='lat' dir='ltr'>l</span> 
     </span>
     <span class='ocr_line' id='line_1_17' title="bbox 310 2053 1295 2143; baseline -0.006 -21"><span class='ocrx_word' id='word_1_118' title='bbox 310 2059 386 2126; x_wconf 86' lang='lat' dir='ltr'>idue</span> <span class='ocrx_word' id='word_1_119' title='bbox 406 2056 519 2143; x_wconf 86' lang='lat' dir='ltr'>paullo</span> <span class='ocrx_word' id='word_1_120' title='bbox 539 2053 823 2143; x_wconf 69' lang='lat' dir='ltr'>pluribuauerbie</span> <span class='ocrx_word' id='word_1_121' title='bbox 858 2053 901 2120; x_wconf 84' lang='lat' dir='ltr'>de</span> <span class='ocrx_word' id='word_1_122' title='bbox 924 2056 1114 2118; x_wconf 85' lang='lat' dir='ltr'>eunieotura</span> <span class='ocrx_word' id='word_1_123' title='bbox 1133 2054 1295 2140; x_wconf 75' lang='lat' dir='ltr'>erpetui,</span> 
     </span>
    </p>

    <p class='ocr_par' dir='ltr' id='par_1_5' title="bbox 310 2159 1330 3312">
     <span class='ocr_line' id='line_1_18' title="bbox 310 2159 1330 2249; baseline -0.011 -19"><span class='ocrx_word' id='word_1_124' title='bbox 310 2162 506 2249; x_wconf 42' lang='lat' dir='ltr'>munrquod</span> <span class='ocrx_word' id='word_1_125' title='bbox 529 2161 1066 2248; x_wconf 75' lang='lat' dir='ltr'>lroe..toarpore,iquom·hominea</span> <span class='ocrx_word' id='word_1_126' title='bbox 1090 2159 1222 2224; x_wconf 73' lang='lat' dir='ltr'>tedium</span> <span class='ocrx_word' id='word_1_127' title='bbox 1237 2159 1330 2244; x_wconf 62' lang='lat' dir='ltr'>quodi</span> 
     </span>
     <span class='ocr_line' id='line_1_19' title="bbox 312 2267 1330 2352; baseline -0.004 -18"><span class='ocrx_word' id='word_1_128' title='bbox 312 2273 452 2352; x_wconf 82' lang='lat' dir='ltr'>eepireet</span> <span class='ocrx_word' id='word_1_129' title='bbox 475 2269 642 2333; x_wconf 76' lang='lat' dir='ltr'>inutilium</span> <span class='ocrx_word' id='word_1_130' title='bbox 661 2268 861 2342; x_wconf 63' lang='lat' dir='ltr'>oraxletridtn.</span> <span class='ocrx_word' id='word_1_131' title='bbox 878 2267 1151 2346; x_wconf 79' lang='lat' dir='ltr'>denieoturarum</span> <span class='ocrx_word' id='word_1_132' title='bbox 1167 2267 1330 2352; x_wconf 84' lang='lat' dir='ltr'>&#39;quomque</span> 
     </span>
     <span class='ocr_line' id='line_1_20' title="bbox 312 2371 1330 2461; baseline -0.009 -19"><span class='ocrx_word' id='word_1_133' title='bbox 312 2373 380 2442; x_wconf 89' lang='lat' dir='ltr'>ruul</span> <span class='ocrx_word' id='word_1_134' title='bbox 402 2384 566 2461; x_wconf 73' lang='lat' dir='ltr'>protracto</span> <span class='ocrx_word' id='word_1_135' title='bbox 590 2388 700 2451; x_wconf 79' lang='lat' dir='ltr'>errent</span> <span class='ocrx_word' id='word_1_136' title='bbox 725 2395 745 2438; x_wconf 89' lang='grc' dir='ltr'>ο</span> <span class='ocrx_word' id='word_1_137' title='bbox 773 2371 918 2438; x_wconf 72' lang='lat' dir='ltr'>tenebris</span> <span class='ocrx_word' id='word_1_138' title='bbox 935 2373 1234 2460; x_wconf 70' lang='lat' dir='ltr'>praetantire&#39;uma</span> <span class='ocrx_word' id='word_1_139' title='bbox 1251 2373 1330 2436; x_wconf 59' lang='lat' dir='ltr'>oudin</span> 
     </span>
     <span class='ocr_line' id='line_1_21' title="bbox 311 2479 1330 2566; baseline -0.004 -20"><span class='ocrx_word' id='word_1_140' title='bbox 311 2481 607 2564; x_wconf 73' lang='lat' dir='ltr'>menuiuriptonira</span> <span class='ocrx_word' id='word_1_141' title='bbox 634 2479 788 2566; x_wconf 76' lang='lat' dir='ltr'>praesidia</span> <span class='ocrx_word' id='word_1_142' title='bbox 816 2479 903 2561; x_wconf 82' lang='lat' dir='ltr'>(aine</span> <span class='ocrx_word' id='word_1_143' title='bbox 924 2479 1052 2566; x_wconf 71' lang='lat' dir='ltr'>ouibus</span> <span class='ocrx_word' id='word_1_144' title='bbox 1068 2481 1264 2544; x_wconf 82' lang='lat' dir='ltr'>oonieetura</span> <span class='ocrx_word' id='word_1_145' title='bbox 1283 2479 1330 2542; x_wconf 84' lang='lat' dir='ltr'>iur</span> 
     </span>
     <span class='ocr_line' id='line_1_22' title="bbox 312 2586 1330 2672; baseline 0.002 -22"><span class='ocrx_word' id='word_1_146' title='bbox 312 2598 423 2651; x_wconf 89' lang='lat' dir='ltr'>mento</span> <span class='ocrx_word' id='word_1_147' title='bbox 445 2591 569 2664; x_wconf 87' lang='lat' dir='ltr'>caret),</span> <span class='ocrx_word' id='word_1_148' title='bbox 614 2597 691 2650; x_wconf 90' lang='lat' dir='ltr'>nata</span> <span class='ocrx_word' id='word_1_149' title='bbox 714 2593 746 2648; x_wconf 85' lang='lat' dir='ltr'>&#39;at</span> <span class='ocrx_word' id='word_1_150' title='bbox 768 2587 970 2670; x_wconf 81' lang='lat' dir='ltr'>auperutitio.</span> <span class='ocrx_word' id='word_1_151' title='bbox 984 2586 1130 2672; x_wconf 77' lang='lat' dir='ltr'>quiedam</span> <span class='ocrx_word' id='word_1_152' title='bbox 1156 2586 1203 2650; x_wconf 88' lang='lat' dir='ltr'>ita</span> <span class='ocrx_word' id='word_1_153' title='bbox 1224 2606 1260 2649; x_wconf 81' lang='lat' dir='ltr'>ee</span> <span class='ocrx_word' id='word_1_154' title='bbox 1280 2587 1330 2652; x_wconf 79' lang='lat' dir='ltr'>out</span> 
     </span>
     <span class='ocr_line' id='line_1_23' title="bbox 311 2689 1330 2780; baseline 0 -24"><span class='ocrx_word' id='word_1_155' title='bbox 311 2689 374 2756; x_wconf 82' lang='lat' dir='ltr'>bur</span> <span class='ocrx_word' id='word_1_156' title='bbox 396 2691 574 2768; x_wconf 80' lang='lat' dir='ltr'>addioena,</span> <span class='ocrx_word' id='word_1_157' title='bbox 618 2702 654 2753; x_wconf 90' lang='lat' dir='ltr'>ut</span> <span class='ocrx_word' id='word_1_158' title='bbox 678 2689 924 2757; x_wconf 83' lang='lat' dir='ltr'>abaurdiaaoma</span> <span class='ocrx_word' id='word_1_159' title='bbox 946 2695 1082 2780; x_wconf 73' lang='lat' dir='ltr'>quoique</span> <span class='ocrx_word' id='word_1_160' title='bbox 1110 2704 1223 2755; x_wconf 89' lang='lat' dir='ltr'>eontra</span> <span class='ocrx_word' id='word_1_161' title='bbox 1245 2695 1330 2756; x_wconf 77' lang='lat' dir='ltr'>uertit</span> 
     </span>
     <span class='ocr_line' id='line_1_24' title="bbox 313 2796 1330 2886; baseline 0 -26"><span class='ocrx_word' id='word_1_162' title='bbox 313 2818 398 2860; x_wconf 91' lang='lat' dir='ltr'>mam</span> <span class='ocrx_word' id='word_1_163' title='bbox 417 2796 679 2861; x_wconf 80' lang='lat' dir='ltr'>emendationem</span> <span class='ocrx_word' id='word_1_164' title='bbox 702 2797 874 2877; x_wconf 84' lang='lat' dir='ltr'>defendat,</span> <span class='ocrx_word' id='word_1_165' title='bbox 893 2801 1138 2886; x_wconf 86' lang='lat' dir='ltr'>interpretetur,</span> <span class='ocrx_word' id='word_1_166' title='bbox 1158 2811 1284 2862; x_wconf 88' lang='lat' dir='ltr'>enarret</span> <span class='ocrx_word' id='word_1_167' title='bbox 1308 2817 1330 2860; x_wconf 85' lang='grc' dir='ltr'>οι</span> 
     </span>
     <span class='ocr_line' id='line_1_25' title="bbox 313 2901 1312 2990; baseline -0.001 -22"><span class='ocrx_word' id='word_1_168' title='bbox 313 2924 353 2968; x_wconf 92' lang='lat' dir='ltr'>eo</span> <span class='ocrx_word' id='word_1_169' title='bbox 371 2925 443 2968; x_wconf 84' lang='lat' dir='ltr'>oum</span> <span class='ocrx_word' id='word_1_170' title='bbox 466 2925 586 2989; x_wconf 77' lang='lat' dir='ltr'>magua</span> <span class='ocrx_word' id='word_1_171' title='bbox 609 2924 646 2967; x_wconf 84' lang='lat' dir='ltr'>ae</span> <span class='ocrx_word' id='word_1_172' title='bbox 667 2901 866 2990; x_wconf 80' lang='lat' dir='ltr'>gloriatione</span> <span class='ocrx_word' id='word_1_173' title='bbox 895 2908 1015 2982; x_wconf 86' lang='lat' dir='ltr'>iaotet;</span> <span class='ocrx_word' id='word_1_174' title='bbox 1036 2905 1119 2970; x_wconf 89' lang='lat' dir='ltr'>nihil</span> <span class='ocrx_word' id='word_1_175' title='bbox 1143 2907 1228 2970; x_wconf 92' lang='lat' dir='ltr'>enim</span> <span class='ocrx_word' id='word_1_176' title='bbox 1250 2925 1312 2968; x_wconf 91' lang='lat' dir='ltr'>uon</span> 
     </span>
     <span class='ocr_line' id='line_1_26' title="bbox 312 3009 1330 3095; baseline 0 -21"><span class='ocrx_word' id='word_1_177' title='bbox 312 3010 443 3095; x_wconf 85' lang='lat' dir='ltr'>pediat,</span> <span class='ocrx_word' id='word_1_178' title='bbox 490 3011 543 3073; x_wconf 88' lang='lat' dir='ltr'>oui</span> <span class='ocrx_word' id='word_1_179' title='bbox 563 3009 618 3092; x_wconf 87' lang='lat' dir='ltr'>(ne</span> <span class='ocrx_word' id='word_1_180' title='bbox 642 3010 683 3074; x_wconf 90' lang='lat' dir='ltr'>de</span> <span class='ocrx_word' id='word_1_181' title='bbox 706 3014 943 3076; x_wconf 72' lang='lat' dir='ltr'>sententiarum</span> <span class='ocrx_word' id='word_1_182' title='bbox 974 3023 1008 3076; x_wconf 92' lang='lat' dir='ltr'>et</span> <span class='ocrx_word' id='word_1_183' title='bbox 1036 3033 1146 3077; x_wconf 88' lang='lat' dir='ltr'>rerum</span> <span class='ocrx_word' id='word_1_184' title='bbox 1167 3013 1256 3074; x_wconf 86' lang='lat' dir='ltr'>uitiia</span> <span class='ocrx_word' id='word_1_185' title='bbox 1276 3011 1330 3075; x_wconf 83' lang='lat' dir='ltr'>dio</span> 
     </span>
     <span class='ocr_line' id='line_1_27' title="bbox 314 3114 1330 3204; baseline 0.002 -26"><span class='ocrx_word' id='word_1_186' title='bbox 314 3114 347 3178; x_wconf 92' lang='lat' dir='ltr'>in</span> <span class='ocrx_word' id='word_1_187' title='bbox 382 3117 530 3179; x_wconf 88' lang='lat' dir='ltr'>oratione</span> <span class='ocrx_word' id='word_1_188' title='bbox 562 3115 678 3181; x_wconf 86' lang='lat' dir='ltr'>durum</span> <span class='ocrx_word' id='word_1_189' title='bbox 717 3137 782 3180; x_wconf 91' lang='lat' dir='ltr'>oon</span> <span class='ocrx_word' id='word_1_190' title='bbox 814 3119 857 3180; x_wconf 82' lang='lat' dir='ltr'>ait</span> <span class='ocrx_word' id='word_1_191' title='bbox 888 3121 961 3204; x_wconf 90' lang='lat' dir='ltr'>(pro</span> <span class='ocrx_word' id='word_1_192' title='bbox 999 3117 1083 3182; x_wconf 75' lang='lat' dir='ltr'>Caro.</span> <span class='ocrx_word' id='word_1_193' title='bbox 1112 3117 1166 3202; x_wconf 72' lang='lat' dir='ltr'>tn)</span> <span class='ocrx_word' id='word_1_194' title='bbox 1205 3117 1330 3182; x_wconf 78' lang='lat' dir='ltr'>decemo</span> 
     </span>
     <span class='ocr_line' id='line_1_28' title="bbox 314 3221 1307 3312; baseline 0.005 -29"><span class='ocrx_word' id='word_1_195' title='bbox 314 3221 488 3306; x_wconf 79' lang='lat' dir='ltr'>religionr&#39;r</span> <span class='ocrx_word' id='word_1_196' title='bbox 507 3227 652 3304; x_wconf 82' lang='lat' dir='ltr'>inicere,</span> <span class='ocrx_word' id='word_1_197' title='bbox 694 3235 731 3287; x_wconf 90' lang='lat' dir='ltr'>nt</span> <span class='ocrx_word' id='word_1_198' title='bbox 760 3223 910 3288; x_wconf 89' lang='lat' dir='ltr'>audiatur</span> <span class='ocrx_word' id='word_1_199' title='bbox 940 3225 1079 3312; x_wconf 77' lang='lat' dir='ltr'>aliquid,</span> <span class='ocrx_word' id='word_1_200' title='bbox 1111 3226 1241 3289; x_wconf 86' lang='lat' dir='ltr'>antoni</span> <span class='ocrx_word' id='word_1_201' title='bbox 1268 3225 1307 3288; x_wconf 91' lang='lat' dir='ltr'>ad</span> 
     </span>
    </p>

    <p class='ocr_par' dir='ltr' id='par_1_6' title="bbox 301 3325 1330 3732">
     <span class='ocr_line' id='line_1_29' title="bbox 312 3325 1330 3398; baseline 0.008 -8"><span class='ocrx_word' id='word_1_202' title='bbox 312 3325 509 3396; x_wconf 70' lang='lat' dir='ltr'>tendendum</span> <span class='ocrx_word' id='word_1_203' title='bbox 533 3329 764 3396; x_wconf 77' lang='lat' dir='ltr'>soloecismum</span> <span class='ocrx_word' id='word_1_204' title='bbox 787 3329 946 3398; x_wconf 84' lang='lat' dir='ltr'>mirabilia</span> <span class='ocrx_word' id='word_1_205' title='bbox 970 3329 1041 3397; x_wconf 81' lang='lat' dir='ltr'>huo</span> <span class='ocrx_word' id='word_1_206' title='bbox 1069 3329 1208 3396; x_wconf 76' lang='lat' dir='ltr'>sufficiat</span> <span class='ocrx_word' id='word_1_207' title='bbox 1237 3334 1330 3398; x_wconf 76' lang='lat' dir='ltr'>oratic</span> 
     </span>
     <span class='ocr_line' id='line_1_30' title="bbox 313 3433 1330 3525; baseline 0.001 -24"><span class='ocrx_word' id='word_1_208' title='bbox 313 3433 478 3501; x_wconf 78' lang='lat' dir='ltr'>distinctio</span> <span class='ocrx_word' id='word_1_209' title='bbox 503 3433 619 3515; x_wconf 83' lang='lat' dir='ltr'>(Taso.</span> <span class='ocrx_word' id='word_1_210' title='bbox 644 3434 694 3515; x_wconf 90' lang='lat' dir='ltr'>V,</span> <span class='ocrx_word' id='word_1_211' title='bbox 718 3437 810 3519; x_wconf 84' lang='lat'>121):</span> <span class='ocrx_word' id='word_1_212' title='bbox 853 3437 985 3524; x_wconf 75' lang='lat' dir='ltr'>Iapeto</span> <span class='ocrx_word' id='word_1_213' title='bbox 1009 3447 1164 3525; x_wconf 71' lang='lat' dir='ltr'>quantun</span> <span class='ocrx_word' id='word_1_214' title='bbox 1186 3444 1330 3524; x_wconf 76' lang='lat' dir='ltr'>ceterirp</span> 
     </span>
     <span class='ocr_line' id='line_1_31' title="bbox 301 3539 1330 3631; baseline 0.005 -26"><span class='ocrx_word' id='word_1_215' title='bbox 301 3539 423 3618; x_wconf 80' lang='lat' dir='ltr'>sutrrrr&#39;</span> <span class='ocrx_word' id='word_1_216' title='bbox 442 3561 574 3608; x_wconf 80' lang='lat' dir='ltr'>aanor:</span> <span class='ocrx_word' id='word_1_217' title='bbox 619 3540 710 3608; x_wconf 72' lang='lat' dir='ltr'>loru</span> <span class='ocrx_word' id='word_1_218' title='bbox 720 3540 837 3622; x_wconf 79' lang='lat' dir='ltr'>focile</span> <span class='ocrx_word' id='word_1_219' title='bbox 865 3542 1029 3623; x_wconf 69' lang='lat' dir='ltr'>dixerint,</span> <span class='ocrx_word' id='word_1_220' title='bbox 1067 3544 1248 3631; x_wconf 70' lang='lat' dir='ltr'>similiaque</span> <span class='ocrx_word' id='word_1_221' title='bbox 1263 3544 1330 3610; x_wconf 89' lang='lat' dir='ltr'>infir</span> 
     </span>
     <span class='ocr_line' id='line_1_32' title="bbox 313 3647 518 3732; baseline -0.005 -20"><span class='ocrx_word' id='word_1_222' title='bbox 313 3647 475 3732; x_wconf 80' lang='lat' dir='ltr'>placeant.</span> <span class='ocrx_word' id='word_1_223' title='bbox 489 3650 518 3732; x_wconf 88' lang='lat'>¹)</span> 
     </span>
    </p>
   </div>
   <div class='ocr_carea' id='block_1_4' title="bbox 312 3819 540 3836">
    <p class='ocr_par' dir='ltr' id='par_1_7' title="bbox 312 3819 540 3836">
     <span class='ocr_line' id='line_1_33' title="bbox 312 3819 540 3836; baseline -0.004 -2"><span class='ocrx_word' id='word_1_224' title='bbox 312 3819 540 3836; x_wconf 41' lang='grc' dir='ltr'>μ</span> 
     </span>
    </p>
   </div>
   <div class='ocr_carea' id='block_1_5' title="bbox 336 3939 1330 4386">
    <p class='ocr_par' dir='ltr' id='par_1_8' title="bbox 336 3939 1330 4386">
     <span class='ocr_line' id='line_1_34' title="bbox 336 3939 1330 4016; baseline -0.001 -19"><span class='ocrx_word' id='word_1_225' title='bbox 336 3945 363 4012; x_wconf 90' lang='lat'>¹)</span> <span class='ocrx_word' id='word_1_226' title='bbox 381 3941 487 3997; x_wconf 84' lang='lat' dir='ltr'>llerito</span> <span class='ocrx_word' id='word_1_227' title='bbox 506 3939 684 3995; x_wconf 80' lang='lat' dir='ltr'>coniecturae</span> <span class='ocrx_word' id='word_1_228' title='bbox 695 3939 828 4006; x_wconf 79' lang='lat' dir='ltr'>oderunt,</span> <span class='ocrx_word' id='word_1_229' title='bbox 840 3939 889 4014; x_wconf 81' lang='lat' dir='ltr'>qui</span> <span class='ocrx_word' id='word_1_230' title='bbox 909 3939 965 4014; x_wconf 85' lang='lat' dir='ltr'>ipri</span> <span class='ocrx_word' id='word_1_231' title='bbox 983 3939 1138 4006; x_wconf 76' lang='lat' dir='ltr'>declarent,</span> <span class='ocrx_word' id='word_1_232' title='bbox 1154 3941 1257 3998; x_wconf 82' lang='lat' dir='ltr'>uoreire</span> <span class='ocrx_word' id='word_1_233' title='bbox 1267 3959 1330 4016; x_wconf 73' lang='lat' dir='ltr'>req</span> 
     </span>
     <span class='ocr_line' id='line_1_35' title="bbox 383 4032 1311 4107; baseline -0.002 -18"><span class='ocrx_word' id='word_1_234' title='bbox 383 4033 496 4089; x_wconf 69' lang='lat' dir='ltr'>differat</span> <span class='ocrx_word' id='word_1_235' title='bbox 514 4033 590 4087; x_wconf 84' lang='lat' dir='ltr'>inter</span> <span class='ocrx_word' id='word_1_236' title='bbox 603 4039 737 4106; x_wconf 85' lang='lat' dir='ltr'>portenta</span> <span class='ocrx_word' id='word_1_237' title='bbox 755 4033 895 4088; x_wconf 76' lang='lat' dir='ltr'>orationis</span> <span class='ocrx_word' id='word_1_238' title='bbox 913 4041 943 4090; x_wconf 87' lang='lat' dir='ltr'>et</span> <span class='ocrx_word' id='word_1_239' title='bbox 958 4033 1109 4088; x_wconf 75' lang='lat' dir='ltr'>aenteatie</span> <span class='ocrx_word' id='word_1_240' title='bbox 1133 4053 1150 4088; x_wconf 88' lang='lat' dir='ltr'>a</span> <span class='ocrx_word' id='word_1_241' title='bbox 1167 4032 1311 4107; x_wconf 74' lang='lat' dir='ltr'>perspicuis</span> 
     </span>
     <span class='ocr_line' id='line_1_36' title="bbox 383 4121 1330 4199; baseline 0 -19"><span class='ocrx_word' id='word_1_242' title='bbox 383 4127 478 4182; x_wconf 76' lang='lat' dir='ltr'>dicum</span> <span class='ocrx_word' id='word_1_243' title='bbox 496 4125 629 4197; x_wconf 73' lang='lat' dir='ltr'>uertigiia</span> <span class='ocrx_word' id='word_1_244' title='bbox 647 4121 822 4179; x_wconf 85' lang='lat' dir='ltr'>direedentin</span> <span class='ocrx_word' id='word_1_245' title='bbox 839 4133 870 4180; x_wconf 89' lang='lat' dir='ltr'>et</span> <span class='ocrx_word' id='word_1_246' title='bbox 887 4126 1079 4181; x_wconf 78' lang='lat' dir='ltr'>conicetur-am</span> <span class='ocrx_word' id='word_1_247' title='bbox 1096 4127 1145 4183; x_wconf 83' lang='lat' dir='ltr'>uia</span> <span class='ocrx_word' id='word_1_248' title='bbox 1163 4147 1193 4182; x_wconf 81' lang='lat' dir='ltr'>ro</span> <span class='ocrx_word' id='word_1_249' title='bbox 1208 4125 1330 4199; x_wconf 84' lang='lat' dir='ltr'>rationep</span> 
     </span>
     <span class='ocr_line' id='line_1_37' title="bbox 384 4215 1330 4293; baseline -0.001 -20"><span class='ocrx_word' id='word_1_250' title='bbox 384 4219 540 4284; x_wconf 77' lang='lat' dir='ltr'>cedentem,</span> <span class='ocrx_word' id='word_1_251' title='bbox 559 4215 641 4273; x_wconf 83' lang='lat' dir='ltr'>euiua</span> <span class='ocrx_word' id='word_1_252' title='bbox 659 4215 700 4270; x_wconf 89' lang='lat' dir='ltr'>rei</span> <span class='ocrx_word' id='word_1_253' title='bbox 719 4217 878 4292; x_wconf 74' lang='lat' dir='ltr'>oxuaplorn</span> <span class='ocrx_word' id='word_1_254' title='bbox 895 4219 1195 4293; x_wconf 78' lang='lat' dir='ltr'>maiiertumpourun</span> <span class='ocrx_word' id='word_1_255' title='bbox 1220 4219 1269 4275; x_wconf 82' lang='lat' dir='ltr'>Pro</span> <span class='ocrx_word' id='word_1_256' title='bbox 1286 4218 1330 4272; x_wconf 79' lang='lat' dir='ltr'>dee</span> 
     </span>
     <span class='ocr_line' id='line_1_38' title="bbox 384 4309 1330 4386; baseline 0.002 -22"><span class='ocrx_word' id='word_1_257' title='bbox 384 4318 446 4364; x_wconf 88' lang='lat' dir='ltr'>roto</span> <span class='ocrx_word' id='word_1_258' title='bbox 471 4311 587 4366; x_wconf 79' lang='lat' dir='ltr'>habitae</span> <span class='ocrx_word' id='word_1_259' title='bbox 612 4316 656 4365; x_wconf 85' lang='lat' dir='ltr'>eet</span> <span class='ocrx_word' id='word_1_260' title='bbox 672 4309 754 4366; x_wconf 83' lang='lat' dir='ltr'>looru</span> <span class='ocrx_word' id='word_1_261' title='bbox 773 4311 912 4368; x_wconf 79' lang='lat' dir='ltr'>orationis</span> <span class='ocrx_word' id='word_1_262' title='bbox 929 4331 983 4386; x_wconf 90' lang='lat' dir='ltr'>pro</span> <span class='ocrx_word' id='word_1_263' title='bbox 1002 4312 1115 4371; x_wconf 79' lang='lat' dir='ltr'>Cueiua</span> <span class='ocrx_word' id='word_1_264' title='bbox 1134 4317 1151 4382; x_wconf 77' lang='lat' dir='ltr'><strong>s</strong></span> <span class='ocrx_word' id='word_1_265' title='bbox 1168 4319 1206 4370; x_wconf 79' lang='grc'>16.</span> <span class='ocrx_word' id='word_1_266' title='bbox 1256 4312 1281 4368; x_wconf 90' lang='grc' dir='ltr'>Ιι</span> <span class='ocrx_word' id='word_1_267' title='bbox 1299 4312 1330 4367; x_wconf 66' lang='lat' dir='ltr'>lor</span> 
     </span>
    </p>
   </div>
   <div class='ocr_carea' id='block_1_6' title="bbox 0 0 1406 4886">
    <p class='ocr_par' dir='ltr' id='par_1_9' title="bbox 0 0 1406 4886">
     <span class='ocr_line' id='line_1_39' title="bbox 0 0 1406 4886; baseline 0 0"><span class='ocrx_word' id='word_1_268' title='bbox 0 0 1406 4886; x_wconf 95' lang='lat' dir='ltr'> </span> 
     </span>
    </p>
   </div>
  </div>
 </body>
</html>
