2788 4886
470 281 724 351 PllAEl'A'l'lo.
1077 283 1146 350 XV

147 465 215 532 lum
233 479 312 534 aute
333 467 498 534 Goerenzi
520 467 697 534 editionem
718 467 757 536 l'.
778 467 819 536 U·
838 467 945 548 Alter,
967 489 1065 556 quom
1085 467 1146 534 hoe

70 571 158 638 titre·
178 595 252 640 enm
275 575 502 656 Academioie,
524 574 745 656 Tusculanis,
775 573 891 642 libello
911 575 951 642 de
974 575 1043 642 lato
1065 576 1146 643 Uiu-

66 679 188 746 dobonae
209 704 242 746 a.
267 685 354 748 178⁰
377 684 508 762 ederet,
546 685 581 748 in
604 681 700 748 librie
724 682 764 747 de
788 680 910 746 linibus
932 683 1146 750 adnoteuernt

66 787 308 874 discrepantiam
345 791 514 877 aeripturm
544 812 563 855 e
591 790 703 855 codiee
735 788 993 855 Uindobonenei.
1062 792 1145 858 Eam

67 894 231 960 editionem
255 917 322 962 nuu
341 897 411 962 uidi
437 919 497 962 neo
519 896 630 964 uidere
653 897 785 974 urrani,
808 918 904 984 quom
929 899 1049 978 exiis,
1074 919 1146 985 qum

67 997 259 1068 Goereuuius
280 1004 358 1068 iude
383 1007 653 1090 transcripserat,
683 1002 911 1092 intellegerem
934 1006 1079 1071 codicem
1102 1028 1144 1072 ex

67 1106 166 1174 iulimo
187 1131 315 1196 genere
337 1110 609 1198 interpolatorum
633 1131 726 1191 eme,
759 1110 911 1178 Alterum
934 1125 1044 1176 autem
1068 1135 1146 1178 eou-

67 1229 155 1280 rtnrat
176 1219 212 1281 in
235 1217 405 1282 oudiuibue
428 1217 633 1284 conferendis
657 1240 770 1304 parum
795 1217 988 1304 diligentem
1003 1218 1125 1284 'faiam

141 1322 179 1387 F.
203 1322 247 1390 U.
272 1323 355 1391 Otto
374 1326 483 1410 (1881)
502 1325 646 1390 uodieem
662 1323 978 1412 Guelferbytanum,
1005 1326 1144 1394 antelmo

68 1449 123 1491 nou
143 1428 323 1508 conlatum,
347 1431 521 1511 ''malnm,”
541 1445 668 1497 tantum
686 1434 740 1496 ”iu
761 1431 977 1498 dilfiuillnmie
999 1433 1143 1498 locieiu·

66 1523 206 1623 spexit‚'¹
227 1543 263 1606 in
288 1537 408 1625 quibua
428 1539 484 1604 uel
506 1542 885 1626 maxumaremuuenda
905 1553 982 1604 suut
1000 1543 1145 1627 interpo-

66 1643 187 1712 letiouio
216 1659 251 1711 et
285 1648 481 1712 oonieeturte
511 1643 721 1710 librariorum
753 1649 1061 1714 recentimumorum
1093 1646 1144 1713 lo·

66 1751 169 1818 dibtiu.

145 1857 360 1925 llauiieetum
385 1872 479 1924 etex
503 1862 564 1940 iio,
588 1879 660 1946 queo
684 1860 776 1940 dixi,
812 1862 846 1924 in
867 1871 988 1946 quante
1012 1862 1145 1946 ignora·

64 1967 146 2030 tione
166 1980 223 2031 aut
245 1964 453 2031 dubitatione
474 1978 531 2030 eut
554 1969 654 2031 etiem
675 1969 710 2030 in
736 1979 859 2051 quanto
883 1987 994 2030 errore
1018 1968 1061 2044 ii,
1087 1970 1144 2053 qni

63 2070 160 2136 adhue
183 2071 355 2138 codicibus
379 2074 431 2136 uei
453 2084 546 2154 tunt,
569 2094 683 2138 eornm
708 2073 901 2157 scripturam
927 2069 1039 2136 multia
1063 2070 1145 2136 louir

64 2178 269 2266 reliquerint,
311 2201 351 2244 ao
382 2201 485 2266 prope
514 2182 621 2267 magio
654 2177 813 2244 bonorum
843 2199 940 2264 qnam
972 2177 1144 2258 melorum,

65 2305 191 2371 qnorum
215 2289 441 2352 testimouium
466 2286 577 2373 aliquo
608 2286 705 2352 modo
729 2307 775 2350 ex
809 2284 1059 2351 oxoniensibus
1090 2308 1144 2352 uo·

63 2395 167 2479 gnorei
180 2407 323 2482 poterat.
334 2393 359 2477 ¹)
393 2391 508 2480 ltaque
521 2392 598 2458 huie
614 2391 702 2458 molo
722 2406 799 2456 ente
812 2393 923 2457 utnuia
942 2391 1143 2458 subuenien.

64 2501 130 2566 dnn
152 2513 238 2566 erat.
947 2569 950 2574 .

140 2609 214 2687 §²-
261 2604 338 2692 Ipse
361 2607 462 2692 igitur
485 2606 648 2691 primum,
676 2607 763 2692 quod
782 2607 877 2692 quasi
896 2604 1144 2672 fundamentum

62 2726 87 2776 et
106 2713 203 2778 liniue
228 2712 403 2791 editionis,
425 2732 504 2777 nens
528 2735 599 2778 eum
621 2715 791 2800 seripturis
815 2713 936 2777 eodieie
956 2709 1145 2797 Erlangen·

62 2827 101 2886 rit
120 2833 213 2886 tauta
236 2819 422 2906 diligentia,
445 2822 507 2883 uix
528 2833 564 2884 ut
588 2823 693 2885 maior
715 2821 822 2905 optari
845 2819 1008 2904 potnerit,
1031 2832 1144 2884 enota-

64 2931 121 3009 tie,
141 2939 283 3016 rogante
306 2947 380 2991 mee
404 2947 520 2990 eanum
541 2925 582 2994 U.
606 2925 657 2991 ct.
678 2923 913 3002 Doederlinio‚
939 2922 981 2988 ab
1004 2927 1145 3007 optumis

62 3033 250 3112 iuuenibus,
291 3033 439 3099 Sarturio
461 3045 495 3096 et
515 3033 651 3097 Frituio.
696 3031 836 3098 Omnem
859 3033 947 3095 euim
963 3027 1019 3093 nel
1040 3033 1147 3094 miuu-

64 3163 142 3208 naut
169 3142 435 3226 dirumpendum,
456 3140 610 3203 adnotato
636 3139 748 3217 etiam,
769 3141 798 3202 ei
821 3137 897 3223 quid
919 3149 989 3200 eret
1012 3138 1044 3200 in
1070 3158 1146 3202 oon·

63 3251 186 3334 peudiis
207 3245 320 3324 dubii,
367 3257 602 3332 expresserunt
633 3245 668 3308 iu
694 3246 842 3328 margine
866 3257 900 3308 et
920 3246 1006 3312 inter
1029 3269 1145 3314 uerene

63 3355 206 3438 exempli
230 3351 395 3420 Nubbinni
421 3351 526 3436 (Lipa.
547 3351 654 3434 lu).
721 3350 802 3416 Eam
833 3372 896 3438 ego
926 3351 1144 3422 conlationem

64 3477 160 3528 totam
192 3473 315 3549 quauta
351 3461 444 3546 potui
483 3479 640 3524 maxume
681 3479 759 3522 eura
790 3460 825 3522 in
855 3457 940 3524 hano
968 3460 1145 3528 editionem

64 3567 233 3645 transtuli,
250 3577 287 3632 ιιι
310 3565 476 3631 indicandi
498 3565 611 3630 eadem
634 3566 769 3645 cetaria,
790 3587 862 3653 qum
886 3566 985 3648 milri,
1006 3568 1146 3635 facultas

63 3690 158 3742 emet.
206 3671 436 3752 Tantumne,
480 3693 552 3758 qum
574 3671 614 3736 ed
644 3691 762 3736 nouum
783 3669 1027 3738 eeriheuderurn
1046 3677 1147 3739 ratio·
1225 3671 1227 3676 ’

63 3803 129 3848 uem
155 3776 383 3866 pertinebant,
413 3781 528 3858 omisi,
571 3777 656 3864 quud
681 3799 787 3865 neque
811 3779 1064 3867 orthographica
1083 3779 1146 3846 uisi

81 4059 104 4126 ¹)
124 4055 302 4128 Sopieenure
320 4051 466 4115 (lrrllinu,
505 4069 591 4124 quum
615 4051 700 4104 etiam
722 4051 843 4108 Druiaio
870 4059 900 4107 ot
926 4052 1086 4108 Goerenzio
1106 4055 1146 4110 ita

123 4153 276 4211 uteretur,
305 4153 340 4200 ut
365 4145 400 4201 ud
419 4145 537 4199 Gmleri
554 4151 638 4199 notua
659 4151 688 4200 et
707 4143 881 4201 oxoniensis
899 4145 995 4200 minue
1012 4147 1146 4203 adtende-

124 4247 192 4306 ret,
218 4257 252 4294 ex
269 4257 328 4295 nna
346 4237 474 4295 editione
491 4236 603 4292 Uictori
621 4237 788 4304 uduutauit,
806 4238 883 4312 quod
901 4244 952 4293 aut
967 4238 997 4298 in
1012 4241 1145 4298 omnibu.

125 4332 277 4388 mdioibtee
294 4339 345 4389 eut
362 4331 395 4388 in
412 4329 545 4386 omnibns
569 4328 762 4384 deteriorihua
788 4337 839 4384 ott.
