2688 4880
221 299 287 366 252
574 291 636 360 DE
657 287 836 358 FINIBUS
855 285 960 356 BON.

220 490 280 557 lud
308 490 460 578 quidem,
502 499 539 552 ut
556 507 594 552 ae
615 489 732 552 uirtuti
763 487 870 552 trudat
901 479 1187 570 constringendam
1217 481 1298 546 uolu-

220 609 315 683 ptas;
337 595 396 662 aed
417 595 487 659 dies
512 615 565 658 me
588 591 736 673 deliciet,
761 605 814 673 st,
835 604 873 656 nt
895 589 938 657 Α.
963 590 1104 668 Uarius,
1124 589 1179 674 qni
1202 601 1231 652 st
1249 587 1298 652 ha-

220 703 310 770 bitus
333 702 438 768 iudex
459 700 591 778 durior,
615 699 723 764 dicere
747 700 933 764 consessori
955 694 1103 774 solebat,
1126 715 1233 781 quon,
1252 694 1299 758 da·

222 811 265 874 tis
289 807 448 884 testibus,
472 805 531 870 alii
555 819 665 870 tamen
684 808 881 870 citarentur:
902 801 972 868 Aut
995 801 1058 866 hoc
1079 803 1212 866 testium
1230 802 1298 864 satis

222 927 273 980 est
304 927 362 978 aut
385 912 513 991 nescio,
554 912 631 998 quid
651 914 732 976 satis
754 913 818 991 sit,
856 912 903 974 sio
925 931 945 973 a
970 930 1022 972 sne
1042 911 1125 972 satis
1146 909 1252 972 datum
1273 920 1299 969 st

223 1021 366 1085 testium.
416 1015 506 1094 Quid
531 1017 641 1082 enimi
665 1031 697 1083 to
720 1019 847 1103 ipsum,
870 1017 1109 1102 dignissumuns
1134 1012 1297 1078 maioribus

181 1203 183 1209 Α
221 1127 307 1204 tuis,
354 1122 551 1208 uoluptasne
574 1124 724 1202 induxit,
757 1137 793 1187 ut
818 1120 1086 1187 adulescentulus
1111 1122 1251 1206 eriperes
1269 1118 1298 1180 P.

221 1229 337 1295 Sullae
365 1228 593 1292 consulatum!
629 1227 735 1304 Quem
767 1249 864 1314 quom
886 1229 926 1292 ad
949 1241 1074 1310 patrem
1098 1239 1190 1288 tuum
1212 1235 1297 1289 rettu-

220 1333 338 1413 limus,
359 1333 583 1396 fortissumum
606 1335 729 1413 uirum,
765 1332 954 1418 quolisillc
974 1332 1030 1396 uel
1053 1330 1167 1397 consul
1193 1329 1243 1393 uel
1263 1332 1298 1392 ci-

220 1441 272 1502 uis
297 1459 394 1524 quom
416 1458 561 1520 ιοιιιρει,
600 1451 667 1502 ιιιιιι
690 1452 765 1525 post
790 1438 996 1503 consulatum
1017 1439 1100 1501 fuist
1145 1435 1220 1513 Quo
1240 1437 1298 1521 qui·

218 1546 293 1610 dom
325 1556 458 1608 crantore
488 1567 547 1608 nos
576 1547 639 1631 ipsi
662 1567 701 1608 ea
725 1548 908 1631 gessimus,
954 1557 991 1606 ut
1016 1540 1168 1608 omnibus
1204 1544 1296 1628 potius

219 1673 316 1738 quarn
349 1653 431 1736 ipsis
453 1648 547 1715 nobis
566 1649 837 1714 consuluerimus.
902 1651 955 1714 61.
985 1651 1032 1714 At
1055 1671 1151 1735 quam
1175 1647 1295 1736 pulchre

271 1857 306 1902 11.
320 1855 422 1912 quidem)
437 1857 579 1916 quidestil
627 1856 751 1910 etlamil
803 1861 826 1901 st
840 1855 944 1910 habitus)
958 1855 1014 1902 dod.
1028 1870 1051 1902 c.
1065 1855 1087 1900 E
1128 1855 1218 1910 durior)
1232 1853 1294 1898 sao

217 1932 358 1987 consessori)
372 1935 511 1987 consessori
523 1933 594 1978 ELM
628 1933 667 1987 sit)
681 1945 725 1978 om.
740 1931 762 1976 E
796 1931 874 1977 slstum
888 1937 910 1978 st
932 1933 997 1987 test.)
1018 1935 1081 1978 sotto
1095 1936 1152 1978 test.
1168 1939 1207 1978 cst
1217 1933 1294 1977 dictus

217 2009 330 2058 usuca
358 2021 425 2066 quom
438 2011 540 2068 semper)
555 2023 610 2055 sors
620 2023 694 2067 semp.
710 2009 731 2054 E
745 2015 799 2054 tans
808 2024 828 2056 s.
843 2011 871 2054 Μ
886 2015 924 2056 cst
934 2023 954 2055 r.
969 2009 989 2053 Ρ

288 2189 358 2242 sutis
377 2189 472 2242 dutum
493 2197 520 2241 st
540 2190 667 2258 testium)
686 2190 813 2244 Sic'l’sl.
831 2189 866 2254 1,
885 2188 1010 2260 scalig„
1027 2187 1121 2259 Spin,
1140 2189 1225 2252 Most,
1242 2199 1294 2255 mgt

217 2281 305 2346 Crat,
324 2279 466 2350 ediditque
487 2283 626 2336 Grutorus
643 2281 763 2351 (Lirinus
780 2282 891 2335 testium
908 2287 936 2334 st
954 2283 1071 2349 datarus).
1107 2281 1202 2335 Ceteri
1220 2279 1294 2338 codd„

217 2379 250 2427 ut
268 2371 357 2426 nostri
375 2373 540 2427 deteriores.

284 2464 351 2537 quid
376 2465 473 2516 enim?
513 2471 541 2516 te
572 2466 661 2534 ipsunt
686 2464 757 2531 dcc.)
796 2464 860 2520 Uid.
895 2467 1096 2537 argumentum
1122 2462 1190 2518 libri
1217 2457 1293 2535 primi·

214 2554 356 2607 Damnata
375 2553 458 2616 Sulla
476 2557 655 2611 consulatum
674 2557 783 2627 accepit
803 2559 967 2628 Torquatus
987 2565 1070 2628 pstor
1088 2573 1144 2612 nou
1164 2557 1234 2628 tagis
1250 2555 1293 2608 sti-

218 2661 273 2714 qno
293 2643 417 2714 premio,
437 2649 484 2700 sed
504 2649 532 2701 in
552 2649 646 2702 lorsam
666 2667 790 2705 uacuum
812 2657 933 2703 creatus.
964 2651 1037 2706 (Cir.
1057 2666 1109 2718 pro
1127 2649 1212 2703 Sulla
1228 2647 1259 2700 ts
1273 2653 1294 2696 at

119 2779 125 2788 .
215 2733 267 2798 om
289 2737 389 2789 coslam
406 2741 490 2794 ruodo
508 2739 750 2812 intellegendum,
767 2744 840 2813 qnod
860 2739 963 2796 dicitur
981 2759 1032 2812 pro
1051 2741 1169 2796 Plancio
1189 2735 1233 2807 79,
1250 2757 1293 2809 quo

215 2827 278 2881 loco
296 2844 351 2881 non
370 2829 510 2886 satisfecit
528 2833 599 2886 mihi
617 2835 662 2888 uir
681 2833 867 2888 doctissumus
884 2833 1070 2896 Wunderns.)

285 2921 376 2989 quotis
395 2923 444 2974 itte
468 2923 514 2976 uel
539 2926 635 2978 consol
651 2929 697 2980 oet
721 2928 791 2980 cissis
809 2955 843 2968 -
860 2931 925 2994 post
942 2924 1127 2991 conssdstuss)
1147 2923 1292 2996 Significat,

214 3016 248 3069 ut
265 3013 382 3085 opinor,
402 3015 542 3087 Torquati
560 3017 732 3084 (sortiamini
749 3017 886 3083 consutis,
906 3034 957 3087 pro
977 3015 1051 3070 salt.
1068 3015 1115 3082 so,
1133 3017 1162 3070 in
1181 3017 1236 3071 Pis.
1252 3011 1291 3077 78)

212 3106 394 3177 uigilantium
413 3105 594 3178 tunsarum
613 3109 654 3163 rei
677 3111 796 3181 publicae
814 3109 990 3172 domestici03
1026 3125 1093 3164 nam
1117 3108 1147 3164 in
1175 3109 1232 3163 cius
1250 3123 1291 3160 aa·

212 3214 280 3252 num
299 3197 397 3254 incidit
414 3199 492 3268 prior
512 3199 642 3254 Cutilias
660 3220 725 3255 oum
742 3200 844 3256 Pisana
862 3199 1038 3267 coniurati03
1071 3202 1140 3266 (nid.
1161 3219 1212 3272 pro
1231 3197 1291 3253 Snlt.

211 3288 342 3358 11ης,
373 3291 490 3347 Sallust.
511 3292 595 3347 catis.
615 3293 649 3346 ls
667 3297 696 3347 et
714 3294 757 3360 19,
776 3294 876 3348 Ascon.
896 3295 932 3348 ad
951 3297 1023 3348 oroi.
1046 3294 1075 3348 iu
1098 3295 1133 3349 Τ.
1157 3295 1188 3347 Gt
1207 3313 1230 3364 p.
1249 3287 1291 3342 llll

213 3380 242 3432 ot
261 3379 330 3445 117,
366 3381 419 3437 llio
441 3385 517 3440 Cass.
535 3384 588 3450 36,
607 3383 661 3452 27,
696 3384 933 3455 ntu.epit.1o1‚
953 3386 1139 3440 Suetonius
1159 3385 1208 3453 9)ς
1243 3379 1292 3434 sil!

210 3487 256 3524 ros
273 3467 401 3524 inlustris
427 3476 463 3528 sb
484 3493 517 3528 eo
543 3483 626 3546 gesta
644 3494 698 3531 non
720 3483 956 3532 conmemorstnr.
993 3461 1066 3532 llum
1084 3481 1180 3532 tames
1198 3489 1290 3530 sunum

212 3562 315 3628 larius,
335 3561 384 3634 qui
403 3563 492 3620 liranis
509 3567 672 3622 consulibus
690 3573 806 3639 egerat,
843 3569 965 3624 ostendit
983 3571 1069 3624 etiarn
1090 3571 1135 3623 ier
1155 3568 1242 3640 Pspis
1262 3567 1291 3616 de

211 3654 369 3728 peregrinis
385 3657 457 3710 urbe
475 3659 613 3730 pellendis
632 3661 692 3714 ista
710 3664 739 3714 ot
763 3678 823 3732 qun
840 3662 944 3733 Agros.
963 3668 1008 3728 li,
1044 3663 1078 3715 11
1097 3661 1288 3732 significantur

210 3749 279 3803 Post
296 3749 474 3804 consulatum
501 3752 665 3824 Torqustus
690 3751 835 3807 ciceronis
855 3755 979 3808 consulis
1005 3751 1188 3808 consiliorum
1213 3747 1290 3824 parti·

210 3860 274 3914 ceps
294 3842 351 3896 luit
367 3842 431 3913 (pro
451 3842 534 3896 Sulla
551 3843 600 3909 dt)
619 3860 741 3914 cumque
760 3842 965 3914 periclitantem
985 3852 1084 3916 postea
1103 3847 1238 3900 adiuuare
1250 3861 1288 3896 co·

209 3940 293 3988 natus
313 3940 355 3988 est
372 3935 412 4007 (in
428 3933 522 3990 Pison.
549 3935 585 3988 77
606 3941 634 3989 et
651 3934 709 4002 78).
755 3936 929 3991 Macedonia
954 3936 1164 3992 administratio
1190 3946 1217 3991 ct
1232 3953 1287 4002 sup·

210 4025 328 4093 plicatio
348 4029 383 4081 ob
404 4044 448 4080 res
467 4026 508 4079 ibi
526 4027 621 4096 gestas
639 4028 752 4080 dccreta
771 4028 863 4082 minus
881 4031 938 4083 lunc
957 4030 1082 4102 pertinet
1100 4027 1142 4097 (iu
1163 4030 1218 4084 Pis.
1239 4027 1287 4090 11).

207 4121 239 4167 la
258 4119 400 4186 proxnsnis
426 4119 553 4174 i'mtilinm
578 4119 801 4173 coniurationem
828 4139 991 4192 oppressam
1010 4130 1038 4177 et
1056 4120 1174 4176 erilium
1191 4119 1286 4192 signifi-

208 4206 267 4259 carl
286 4209 469 4266 manifestam
485 4219 520 4267 st.

277 4301 504 4374 consulates-imas)
523 4306 572 4360 οι.
592 4303 608 4367 ξ
626 4305 699 4360 (iud.
710 4303 725 4360 1
736 4306 946 4364 consuleremus.
982 4311 1024 4364 Do
1040 4309 1095 4364 hoo
1112 4323 1218 4380 genero
1231 4319 1283 4375 par·
