2722 4886
310 307 367 374 ΕΤ
391 307 499 374 MAL.
522 310 604 376 ΗΒ.
626 310 658 376 V
682 308 778 375 CAP.
799 313 830 376 d.
1051 321 1114 386 ott

45 501 111 563 rhus
132 515 240 566 noster
266 502 344 568 mihi
366 505 496 568 uidetur
515 506 668 589 persequi
689 505 969 592 diligentissume,
1014 533 1110 598 quum

45 608 164 670 eundem
186 607 361 672 Aristoteli
385 611 485 674 irrisse
508 624 542 674 et
562 610 750 675 Polemonis
772 613 877 678 docet.

119 713 175 776 Vl.
224 717 277 778 lo.
300 716 390 780 Facit
408 718 509 801 igitur
534 715 654 780 Lucius
679 731 790 781 noster
811 719 1006 804 prudenter,
1054 725 1110 807 qni

46 817 141 882 audire
173 820 213 882 de
243 842 371 884 summo
405 821 492 885 bono
527 825 741 908 potissumum
771 824 864 888 uelit.
927 825 1000 891 Hoc
1021 831 1110 893 euim

45 926 200 988 constituto
223 928 258 989 in
284 925 506 1011 philosophis,
551 931 726 993 constitute
745 944 821 992 sunt
841 933 961 996 omniu.
1024 931 1110 997 Nem

47 1031 144 1092 ceteris
172 1033 206 1096 in
239 1031 338 1096 rebus
369 1035 441 1097 siue
470 1038 734 1119 praetermissum
759 1037 830 1098 siue
862 1038 1046 1122 ignoratum
1080 1051 1111 1101 st

47 1136 207 1218 quippiam,
231 1160 298 1202 uon
321 1137 394 1223 plus
417 1141 613 1203 incommodi
634 1154 681 1219 st,
706 1163 802 1226 quam
825 1145 936 1227 quanti
961 1165 1109 1228 quaeque

48 1262 137 1304 eurum
161 1265 267 1307 rerum
292 1257 340 1323 st,
360 1246 408 1308 »in
432 1244 550 1331 quihus
571 1246 755 1333 neglectum
779 1261 810 1310 st
831 1247 965 1334 aliquid.
1013 1249 1111 1313 Sum·

49 1367 115 1410 nrum
139 1362 244 1413 eutem
269 1349 389 1414 bonum
411 1353 438 1414 si
458 1353 647 1436 ignoretur,
677 1355 809 1417 uiuendi
832 1357 1109 1441 retinueruigno·

49 1455 97 1514 ruri
124 1467 316 1520 necessest.
381 1457 435 1520 Ex
459 1479 522 1542 quo
546 1470 656 1520 tantus
678 1480 769 1522 error
790 1462 1016 1545 consequitur,
1060 1471 1109 1538 ut,

50 1563 172 1640 quentin
194 1574 324 1646 portum
347 1583 382 1624 se
406 1565 584 1647 recipiunt,
608 1565 691 1626 scire
716 1569 940 1649 nonpossint.
988 1563 1109 1652 Cogni-

51 1664 81 1724 tis
97 1679 192 1730 nutem
217 1689 329 1732 rerum
352 1665 494 1747 finibus,
534 1691 632 1754 quom
655 1669 876 1755 intellegitur,
910 1672 986 1756 quid
1011 1675 1053 1734 sit
1076 1687 1108 1736 et

50 1755 179 1836 bonorum
211 1787 399 1838 extremum
428 1787 460 1836 et
494 1774 672 1852 titulorum,
711 1775 844 1838 iuuenta
872 1778 961 1839 uitae
989 1778 1043 1838 uio
1078 1790 1109 1840 st

90 1967 192 2024 persequi)
203 1970 325 2026 prosequi
337 1969 380 2014 lut
419 1967 552 2020 Aristoteli)
567 1965 710 2015 Aristotelis
723 1965 850 2016 LPcltor,
915 1968 951 2014 id.
967 1967 1107 2025 pretermls·

51 2041 148 2088 tlflltdd.
162 2043 225 2087 eltti
261 2047 454 2097 rerumrerum
469 2044 490 2087 li
523 2041 620 2100 reliquid)
633 2041 768 2100 aliquodll
811 2055 909 2090 ueceeee
924 2043 954 2096 et)
969 2041 1105 2087 necesse?

51 2111 162 2171 quidquod
175 2118 236 2168 Bor.
265 2119 323 2164 uita
335 2119 383 2174 uie)
398 2127 422 2164 et
436 2121 481 2164 uta
495 2131 546 2164 unc
561 2119 581 2164 Ε
597 2124 621 2162 et
636 2120 696 2163 ultre
711 2119 755 2164 uic
770 2119 812 2163 0r.

103 2321 172 2376 quern
189 2309 304 2362 eundem
326 2307 470 2362 Aristoteli
487 2315 514 2361 et
534 2307 690 2361 Polemonis
702 2308 794 2374 feriere
814 2309 896 2373 dicit)
915 2309 1005 2364 llideo
1024 2311 1108 2374 uerti,
1200 2327 1205 2335 ·

53 2394 111 2456 queri
125 2397 174 2452 lroc
190 2399 291 2454 Cicero
310 2399 395 2465 dicet,
414 2391 595 2470 antiquorum
616 2399 657 2465 (id
676 2407 727 2465 cet,
750 2400 907 2456 Aristotelis
926 2409 954 2456 et
974 2402 1106 2455 Polemo·

54 2481 261 2546 cisterninam
285 2492 369 2546 etism
388 2493 548 2548 Aristotelis
571 2500 599 2546 et
617 2491 777 2545 Polemonis
795 2494 896 2558 luisse,
910 2493 939 2546 id
959 2500 1017 2555 eet,
1036 2491 1108 2547 nilril

54 2573 115 2632 diunt.
152 2583 302 2655 Utriusque
321 2601 498 2638 communem
520 2585 606 2640 iuiree
624 2584 783 2655 significum
823 2585 880 2640 nid.
898 2586 917 2647 6
935 2592 963 2638 ct
979 2584 1030 2650 21,
1058 2585 1109 2638 ubi

54 2669 126 2723 rodem
142 2678 218 2730 ruodo
238 2675 363 2738 dicitur,
400 2683 427 2730 et
445 2678 501 2742 Ill,
521 2678 554 2731 tt
573 2684 600 2731 ct
619 2677 662 2731 15.
716 2677 854 2747 lloincepe
873 2676 979 2749 igitur,
1017 2675 1108 2732 tulerit

54 2757 173 2818 Aristotele
189 2787 251 2822 cum
272 2769 335 2822 tilio
354 2769 606 2838 etTlreoplrrnsto,
628 2785 715 2822 unum
724 2769 895 2824 Antiochum
906 2771 971 2825 Piso
990 2770 1107 2826 tcuclrii.

55 2849 84 2902 lic
98 2855 208 2924 qeuitiuo
229 2861 377 2914 Aristoteli
394 2859 450 2914 diri
469 2861 568 2931 pnullo
588 2870 662 2914 unte.

106 2945 164 3018 Ctp.
182 2952 235 3017 lll,
250 2953 297 3006 lo.
332 2954 360 3006 iu
376 2953 565 3022 plriloeopirr'n)
584 2955 623 3007 Et
639 2955 674 3006 ed
694 2954 840 3006 constituto
860 2959 888 3006 et
905 2954 941 3007 ed
960 2954 1109 3006 constituto

55 3042 100 3084 runt
116 3041 234 3108 pertinet,
252 3047 302 3099 sed
323 3043 411 3115 priori
429 3047 506 3117 prins
522 3043 689 3099 adnectitur.
725 3047 821 3098 Uerbu
836 3054 864 3100 et
881 3054 948 3114 epte
966 3050 994 3097 ct
1013 3061 1108 3098 necm-

55 3123 116 3198 reris,
126 3133 183 3190 loir.
201 3137 214 3203 ᾗ
232 3137 267 3190 lt
287 3144 314 3191 et
332 3139 379 3202 ll',
396 3137 444 3206 lt)
464 3138 550 3192 (icius
569 3137 659 3193 deleri
677 3137 802 3191 uolebat.
831 3137 897 3192 Mox
916 3137 952 3188 eit
969 3136 1109 3210 quippiam

56 3213 107 3272 lert.
122 3239 150 3276 er
166 3226 208 3280 El.

105 3315 160 3386 quid
176 3319 211 3371 eit
228 3347 262 3361 -
282 3319 443 3387 extremum)
462 3318 491 3371 id
510 3321 562 3380 eei,
581 3320 609 3371 iu
629 3335 685 3388 que
703 3335 733 3372 re
752 3317 873 3388 positum
887 3319 924 3373 sit
936 3331 1109 3384 extremum

56 3397 165 3470 ΜΠ
181 3415 207 3464 et
223 3416 255 3472 Ι,
276 3408 329 3475 293
367 3409 452 3464 (icius
477 3409 526 3464 hic
546 3408 671 3479 adripuit
695 3409 826 3463 mendum
855 3412 982 3466 codicum
1001 3415 1061 3466 nrt.
1081 3419 1110 3467 et

56 3487 111 3556 slli·
128 3502 205 3570 quod,
240 3519 275 3556 ex
291 3519 347 3572 qun
367 3503 508 3572 scripturn
526 3504 602 3567 irrec,
631 3503 655 3558 si
674 3504 751 3568 ulle,
771 3502 936 3559 reficeretur
953 3506 1108 3561 tententiae

58 3585 168 3645 luctuum
187 3599 341 3647 extremum
363 3595 404 3650 eit
419 3596 528 3662 (extet).

108 3677 205 3736 inmun
221 3687 287 3738 ultre
306 3686 353 3738 niu
371 3689 411 3752 et)
433 3687 518 3740 (icius
538 3693 565 3740 et
583 3689 648 3740 uite
665 3689 713 3744 uio
732 3693 768 3751 et,
788 3693 933 3759 tamquam
952 3706 985 3741 ex
998 3691 1058 3742 Eri.
1079 3695 1108 3742 et

58 3757 125 3830 spir„
140 3789 191 3842 qut
208 3776 278 3842 lide,
296 3777 461 3848 diligentior
480 3779 616 3849 inspectio
637 3779 749 3845 duruit,
768 3797 853 3848 quem
872 3796 976 3850 prsuc,
995 3780 1051 3832 diri
1073 3780 1109 3832 etl

57 3853 89 3916 Ην
116 3859 158 3924 ⁶⁸3
193 3865 242 3920 cir.
271 3885 329 3939 qure
349 3871 479 3924 dicentur
497 3871 533 3924 ud
551 3874 565 3940 5
583 3871 627 3926 (il.
668 3874 724 3927 llio
743 3874 845 3942 regule
864 3872 996 3935 iuuenta,
1014 3868 1110 3924 uliirie

59 3947 239 4012 contererentur
257 3969 284 4014 et
311 3959 540 4027 constituuntur,
576 3980 630 4017 uon
657 3965 868 4018 confirmantur.
924 3963 1109 4026 Consormctio

60 4035 130 4093 rtiur
144 4041 202 4100 iude
219 4053 372 4109 elluuutio
393 4061 421 4109 et
439 4056 623 4110 confirmetur
642 4057 677 4109 nir
689 4055 874 4126 Erlungeueip
894 4055 965 4109 litu·
984 4061 1012 4107 ct
1025 4055 1108 4108 lirul·

61 4129 146 4198 mm,
162 4139 240 4197 (hin,
256 4144 362 4200 ,ΠΜ
381 4163 431 4201 ,uo
450 4165 529 4202 more
550 4147 722 4208 confirmatio
740 4161 858 4216 pucrurc
876 4145 935 4212 sit,
957 4151 986 4199 ct
1002 4145 1041 4200 ric
1060 4145 1108 4211 Et·

61 4217 106 4272 cdd.
122 4233 181 4283 titii.
216 4236 272 4291 (lit.
292 4238 327 4292 ud
345 4238 392 4304 lli,
412 4239 437 4292 5·
530 4299 537 4317 t
