2788 4886
479 289 735 358 emensio,
854 225 861 250 ⁹
1029 293 1155 360 XXX!

68 489 226 568 breuiter,
270 486 357 572 qnod
388 487 423 550 in
455 489 546 552 oruni
577 487 639 554 hae
663 487 919 574 inuestigatioue
943 485 1066 552 nuiiarn
1086 490 1156 556 fere

66 594 159 660 aliern
184 592 362 660 utilitatem
388 613 462 658 etse
492 594 622 675 iudioo,
666 595 731 659 uisi
753 615 826 680 quae
861 595 896 658 iu
923 598 1156 682 superstitione

66 701 199 788 quadarn
221 700 450 788 expugnanda
469 703 697 787 perspiciatur.
742 698 863 765 Nesoio
884 704 970 766 euim
991 704 1155 787 quomodo

66 808 187 874 melent
206 807 345 894 qnidam
368 807 408 872 de
429 820 580 874 ueterum
612 808 774 874 editorum
806 804 973 872 codicibus
995 809 1155 892 suspicari

70 935 161 1000 quant
186 933 266 992 eoa,
287 935 370 999 quos
394 912 490 994 lieet,
514 915 724 1000 perscrutari.
772 914 837 981 Sed
860 915 973 1000 primes
993 915 1155 983 editiones

69 1020 223 1086 librorum
246 1020 289 1084 de
311 1020 461 1100 Finibus,
480 1034 515 1087 ot
536 1021 607 1086 fere
624 1033 808 1086 ceterorum
831 1021 999 1088 Ciceronis
1019 1025 1156 1110 aoripto·

69 1149 155 1206 run,
184 1125 293 1192 dortsr
311 1140 390 1192 suut
421 1125 650 1214 euolgaribaa
674 1126 857 1204 oodioibus3
899 1151 947 1194 ere
967 1129 1085 1194 deiude
1107 1133 1156 1197 aio

71 1234 228 1319 repetite,
251 1245 289 1298 ut
312 1232 463 1298 nonnihil
484 1245 665 1300 mutaretur
688 1255 734 1298 ex
755 1233 831 1300 aliia
854 1236 1154 1323 eiusdem'generia

69 1338 245 1418 tuditibus,
268 1340 415 1426 quendam
436 1343 634 1406 ouuieotnre.
677 1341 1154 1429 Sieextiteruntoogoationea

69 1447 210 1532 quedam
237 1445 432 1526 editionum,
454 1447 527 1513 dum
550 1459 658 1512 temen
681 1446 852 1513 letirsurne
873 1459 1039 1535 patentem
1078 1471 1153 1516 uam
1285 1445 1300 1472 ⁰

66 1575 111 1618 ex
131 1553 278 1619 editione
303 1547 494 1619 Coloniensi
516 1553 679 1641 permulto
699 1559 772 1642 (per
794 1554 973 1634 Aldinuru,
1013 1568 1051 1620 ut
1072 1577 1154 1620 mox

68 1661 184 1740 dieam)
208 1661 250 1726 ud
272 1659 458 1726 Manutiurn
491 1673 525 1724 et
547 1653 744 1727 Lembinnm
768 1683 940 1741 retunsae,
985 1660 1152 1728 deelaraui

69 1769 100 1832 iu
120 1770 375 1848 oommeotariis,
396 1789 469 1834 cnut
493 1768 642 1834 Romanu
664 1771 870 1834 coniunctam
895 1789 968 1834 esse
989 1767 1096 1834 Marsi
1119 1781 1152 1833 et

68 1873 188 1940 Utuori
209 1876 393 1954 editiones,
414 1873 587 1940 Cratandri
611 1895 762 1962 quoque,
785 1878 848 1938 etti
869 1877 904 1938 io
928 1896 968 1939 ee
990 1882 1059 1955 (et,
1082 1877 1153 1962 opi·

67 2003 134 2062 nur,
155 1981 231 2048 aliia
243 1995 276 2047 at
299 1981 441 2048 fortasse
454 1984 520 2047 ient
532 1985 624 2062 eote)
647 1984 754 2046 mixta
765 1980 976 2067 interpolatio
991 1993 1040 2057 at;
1060 1979 1153 2047 uelut

68 2087 100 2168 Ι,
140 2091 181 2154 61
207 2111 228 2152 e
248 2089 353 2175 prime
375 2101 433 2154 ent
458 2109 504 2154 ex
533 2086 699 2153 similibus
737 2085 904 2152 tuditibus
936 2084 1035 2150 habet
1057 2106 1155 2171 uppe-

66 2191 160 2258 tadu
181 2200 292 2260 mm
310 2198 510 2282 petulanter.
555 2195 644 2260 Bere
673 2194 810 2280 adparet
832 2191 951 2260 oodioia
976 2195 1074 2258 mixti
1095 2215 1153 2279 ge-

67 2309 153 2372 neris
175 2325 274 2386 neue,
296 2304 395 2392 piene
417 2301 496 2368 boui
514 2304 578 2367 uix
608 2321 767 2387 uuquam,
794 2302 858 2364 uisi
880 2301 914 2364 in
937 2298 1153 2365 Cratandrina

68 2417 98 2496 (ς
120 2415 139 2478 l
163 2411 212 2496 B),
224 2433 284 2500 pro
310 2424 400 2477 eertu
422 2422 563 2488 tenetur,
577 2429 683 2494 neque
701 2406 771 2472 uila
781 2407 882 2474 editio
905 2420 1023 2493 praeter
1039 2405 1153 2474 Uicto·

67 2523 186 2585 riaaata
212 2519 245 2584 i'u
269 2517 398 2584 duobus
417 2519 532 2604 primia
554 2514 649 2580 libris
673 2535 746 2579 oum
772 2513 882 2602 aliqua
903 2515 1088 2580 constantia
1110 2513 1151 2578 ad

67 2627 223 2692 eiusmodi
245 2626 391 2690 oudinum
414 2636 535 2688 exarte
558 2635 604 2696 ιτς
646 2619 796 2706 quodque
828 2633 927 2706 eaput
956 2634 1025 2701 est,
1059 2619 1152 2686 uuila

66 2733 113 2798 hit
135 2732 338 2798 editionibus
363 2731 524 2816 seriptum
544 2729 748 2806 continetur,
800 2729 893 2794 euius
915 2749 979 2791 uon
1003 2747 1089 2792 nune
1120 2739 1153 2790 et

67 2843 234 2905 r'rrtiorern
255 2837 484 2904 auctoritatem
508 2847 541 2900 et
564 2835 704 2900 formam
725 2833 888 2899 interdurn
910 2832 1093 2918 pleniorem
1117 2835 1151 2896 in

69 2949 152 3010 notia
172 2943 340 3010 eodieibus
358 2943 549 3008 habeamus.
564 2941 596 3021 ¹)

152 3051 231 3118 Post
257 3056 379 3138 primur
408 3049 571 3114 editiones
596 3057 858 3112 eoumemomtor
888 3067 962 3110 euru
990 3042 1088 3109 leude
1110 3043 1152 3110 ab

67 3159 192 3224 Oreliio
217 3159 346 3226 Uenetu
386 3180 417 3222 u·
458 3157 542 3220 1480
567 3155 645 3240 ”per
679 3152 810 3216 Petrum
851 3149 997 3216 Condaru
1033 3151 1153 3230 Petri,”

67 3291 159 3354 quam
180 3289 254 3331 euru
280 3263 471 3332 melioribus
496 3259 689 3348 plerumque
713 3259 822 3324 faeere
842 3259 899 3323 uit.
964 3257 1087 3324 Uerum
1112 3279 1154 3322 ee

68 3375 157 3440 nullo
177 3373 252 3440 loeo
277 3395 324 3438 ex
344 3375 405 3452 iis,
451 3372 485 3434 iu
508 3363 627 3455 quibus
648 3365 806 3432 diiunctio
830 3365 998 3452 utriusque
1019 3361 1152 3430 familie

85 3685 110 3752 ¹)
128 3683 225 3738 anst
240 3679 313 3736 milti
329 3678 366 3734 ad
383 3693 498 3734 uranum
515 3676 577 3734 tue
591 3674 731 3732 eminenti
747 3681 852 3746 preter
872 3672 944 3728 duaa
962 3671 1027 3728 illue
1045 3665 1153 3742 primae

127 3775 274 3831 editiones
293 3783 323 3830 et
341 3773 529 3830 Heredium
553 3769 660 3824 Aldina
685 3787 709 3824 ι
737 3773 804 3822 152³
830 3765 976 3837 (Uenetiir
993 3765 1024 3818 iu
1043 3761 1152 3816 edibus

126 3869 196 3924 atti
216 3877 246 3924 et
264 3869 388 3925 Andron
409 3864 540 3934 secui),
557 3879 641 3936 wem
658 3861 744 3916 initio
761 3877 821 3915 uon
840 3857 926 3913 habui
936 3897 946 3924 ‚
962 3853 1152 3912 Cratandrina

127 3952 267 4021 (mure
282 3971 380 4010 utente
397 3954 505 4010 Martio
524 3958 617 4024 15²8),
634 3953 811 4010 Maeotiam
829 3951 908 4024 (unt
929 3949 1019 4004 Paris.
1038 3965 1062 4000 a.
1081 3943 1108 3997 d.
1127 3941 1154 3994 V

129 4046 193 4102 Gal.
210 4048 367 4105 Noae-br.
387 4050 487 4117 1520),
507 4047 540 4104 R.
560 4045 699 4120 Stephani
718 4045 802 4114 (ibid
822 4049 923 4113 15³0),
962 4040 994 4094 C.
1015 4035 1153 4109 Stephani

131 4141 217 4214 (ibid.
237 4143 340 4212 1664),
372 4139 540 4198 unium
557 4159 583 4196 a.
603 4144 671 4194 1⁵⁶⁵
689 4139 837 4210 (Uenet),
861 4133 1047 4190 hnbiuiane
1062 4129 1154 4206 prime

131 4241 231 4306 (15⁶⁶)
249 4243 280 4294 et
298 4235 422 4313 repetita
435 4235 544 4304 (1617).
583 4232 628 4288 De
654 4231 821 4288 Uictorinus
846 4226 955 4284 credidi
974 4223 1067 4282 orent
1087 4241 1153 4278 eou-

130 4327 242 4386 lationi.
