<?xml version="1.0" encoding="UTF-8"?>
<!DOCTYPE html PUBLIC "-//W3C//DTD XHTML 1.0 Transitional//EN"
    "http://www.w3.org/TR/xhtml1/DTD/xhtml1-transitional.dtd">
<html xmlns="http://www.w3.org/1999/xhtml" xml:lang="en" lang="en">
 <head>
  <title>
</title>
<meta http-equiv="Content-Type" content="text/html;charset=utf-8" />
  <meta name='ocr-system' content='tesseract 3.04.00' />
  <meta name='ocr-capabilities' content='ocr_page ocr_carea ocr_par ocr_line ocrx_word'/>
</head>
<body>
  <div class='ocr_page' id='page_1' title='image "./mtulliciceronis01madvgoog_0510.png"; bbox 0 0 2694 4882; ppageno 0'>
   <div class='ocr_carea' id='block_1_1' title="bbox 303 286 1126 354">
    <p class='ocr_par' dir='ltr' id='par_1_1' title="bbox 303 286 1126 354">
     <span class='ocr_line' id='line_1_1' title="bbox 303 286 1126 354; baseline -0.001 -1"><span class='ocrx_word' id='word_1_1' title='bbox 303 286 363 354; x_wconf 84' lang='grc' dir='ltr'><strong>ΕΤ</strong></span> <span class='ocrx_word' id='word_1_2' title='bbox 386 287 495 354; x_wconf 76' lang='lat' dir='ltr'><strong>Mna.</strong></span> <span class='ocrx_word' id='word_1_3' title='bbox 518 287 602 354; x_wconf 71' lang='grc' dir='ltr'><strong>[ΑΒ.</strong></span> <span class='ocrx_word' id='word_1_4' title='bbox 625 289 674 354; x_wconf 88' lang='lat' dir='ltr'><strong>ttt</strong></span> <span class='ocrx_word' id='word_1_5' title='bbox 699 287 795 354; x_wconf 80' lang='lat' dir='ltr'><strong>CAP.</strong></span> <span class='ocrx_word' id='word_1_6' title='bbox 818 291 869 352; x_wconf 81' lang='lat' dir='ltr'><strong>te.</strong></span> <span class='ocrx_word' id='word_1_7' title='bbox 1067 291 1126 352; x_wconf 80' lang='lat' dir='ltr'><strong>tat</strong></span> 
     </span>
    </p>
   </div>
   <div class='ocr_carea' id='block_1_2' title="bbox 50 480 1164 888">
    <p class='ocr_par' dir='ltr' id='par_1_2' title="bbox 50 480 1164 888">
     <span class='ocr_line' id='line_1_2' title="bbox 54 480 1130 570; baseline -0.004 -22"><span class='ocrx_word' id='word_1_8' title='bbox 54 505 114 548; x_wconf 77' lang='lat' dir='ltr'><strong>rene</strong></span> <span class='ocrx_word' id='word_1_9' title='bbox 141 483 240 546; x_wconf 87' lang='lat' dir='ltr'><strong>eitam</strong></span> <span class='ocrx_word' id='word_1_10' title='bbox 264 480 416 548; x_wconf 84' lang='lat' dir='ltr'><strong>florient</strong></span> <span class='ocrx_word' id='word_1_11' title='bbox 440 487 547 570; x_wconf 78' lang='lat' dir='ltr'><strong>magis</strong></span> <span class='ocrx_word' id='word_1_12' title='bbox 569 484 789 570; x_wconf 88' lang='lat' dir='ltr'><strong>expetendam</strong></span> <span class='ocrx_word' id='word_1_13' title='bbox 815 497 871 548; x_wconf 90' lang='lat' dir='ltr'><strong>aut</strong></span> <span class='ocrx_word' id='word_1_14' title='bbox 896 481 1000 568; x_wconf 87' lang='lat' dir='ltr'><strong>pluria</strong></span> <span class='ocrx_word' id='word_1_15' title='bbox 1022 495 1130 546; x_wconf 84' lang='lat' dir='ltr'><strong>neate-</strong></span> 
     </span>
     <span class='ocr_line' id='line_1_3' title="bbox 52 587 1129 676; baseline -0.002 -24"><span class='ocrx_word' id='word_1_16' title='bbox 52 589 210 666; x_wconf 89' lang='lat' dir='ltr'><strong>nendam,</strong></span> <span class='ocrx_word' id='word_1_17' title='bbox 256 601 344 653; x_wconf 89' lang='lat' dir='ltr'><strong>oerte</strong></span> <span class='ocrx_word' id='word_1_18' title='bbox 373 591 481 654; x_wconf 84' lang='lat' dir='ltr'><strong>minua</strong></span> <span class='ocrx_word' id='word_1_19' title='bbox 512 592 552 654; x_wconf 90' lang='lat' dir='ltr'><strong>ed</strong></span> <span class='ocrx_word' id='word_1_20' title='bbox 575 589 705 655; x_wconf 88' lang='lat' dir='ltr'><strong>beatem</strong></span> <span class='ocrx_word' id='word_1_21' title='bbox 730 593 832 654; x_wconf 88' lang='lat' dir='ltr'><strong>uitem</strong></span> <span class='ocrx_word' id='word_1_22' title='bbox 855 591 996 676; x_wconf 79' lang='lat' dir='ltr'><strong>pertinet</strong></span> <span class='ocrx_word' id='word_1_23' title='bbox 1018 587 1129 652; x_wconf 77' lang='lat' dir='ltr'><strong>inulti-</strong></span> 
     </span>
     <span class='ocr_line' id='line_1_4' title="bbox 50 695 1164 789; baseline 0 -31"><span class='ocrx_word' id='word_1_24' title='bbox 50 695 118 758; x_wconf 88' lang='lat' dir='ltr'><strong>mdo</strong></span> <span class='ocrx_word' id='word_1_25' title='bbox 139 695 284 781; x_wconf 78' lang='lat' dir='ltr'><strong>eorporis</strong></span> <span class='ocrx_word' id='word_1_26' title='bbox 307 695 588 789; x_wconf 65' lang='lat' dir='ltr'><strong>commodorum.⁶</strong></span> <span class='ocrx_word' id='word_1_27' title='bbox 630 699 683 764; x_wconf 78' lang='lat'><strong>44.</strong></span> <span class='ocrx_word' id='word_1_28' title='bbox 707 695 860 775; x_wconf 83' lang='lat' dir='ltr'><strong>Etenim,</strong></span> <span class='ocrx_word' id='word_1_29' title='bbox 903 698 932 758; x_wconf 90' lang='lat' dir='ltr'><strong>ai</strong></span> <span class='ocrx_word' id='word_1_30' title='bbox 957 707 990 759; x_wconf 85' lang='lat' dir='ltr'><strong>et</strong></span> <span class='ocrx_word' id='word_1_31' title='bbox 1013 715 1130 782; x_wconf 79' lang='lat' dir='ltr'><strong>sapere</strong></span> <span class='ocrx_word' id='word_1_32' title='bbox 1153 701 1164 710; x_wconf 87' lang='grc'><strong>“</strong></span> 
     </span>
     <span class='ocr_line' id='line_1_5' title="bbox 50 801 1130 888; baseline -0.001 -24"><span class='ocrx_word' id='word_1_33' title='bbox 50 802 261 888; x_wconf 84' lang='lat' dir='ltr'><strong>expetendam</strong></span> <span class='ocrx_word' id='word_1_34' title='bbox 292 803 335 865; x_wconf 87' lang='lat' dir='ltr'><strong>ait</strong></span> <span class='ocrx_word' id='word_1_35' title='bbox 357 815 390 866; x_wconf 90' lang='lat' dir='ltr'><strong>et</strong></span> <span class='ocrx_word' id='word_1_36' title='bbox 415 801 548 880; x_wconf 85' lang='lat' dir='ltr'><strong>ualere,</strong></span> <span class='ocrx_word' id='word_1_37' title='bbox 596 804 803 866; x_wconf 85' lang='lat' dir='ltr'><strong>eoniuneturn</strong></span> <span class='ocrx_word' id='word_1_38' title='bbox 827 815 1001 887; x_wconf 86' lang='lat' dir='ltr'><strong>utrumqne</strong></span> <span class='ocrx_word' id='word_1_39' title='bbox 1025 802 1130 886; x_wconf 84' lang='lat' dir='ltr'><strong>megia</strong></span> 
     </span>
    </p>
   </div>
   <div class='ocr_carea' id='block_1_3' title="bbox 50 963 1131 1176">
    <p class='ocr_par' dir='ltr' id='par_1_3' title="bbox 50 963 1131 1176">
     <span class='ocr_line' id='line_1_6' title="bbox 95 963 1131 1027; baseline 0 -15"><span class='ocrx_word' id='word_1_40' title='bbox 95 969 163 1012; x_wconf 80' lang='lat' dir='ltr'><strong>uttam</strong></span> <span class='ocrx_word' id='word_1_41' title='bbox 179 967 243 1022; x_wconf 81' lang='lat' dir='ltr'><strong>deri)</strong></span> <span class='ocrx_word' id='word_1_42' title='bbox 252 969 275 1024; x_wconf 69' lang='grc' dir='ltr'><strong>Ι.</strong></span> <span class='ocrx_word' id='word_1_43' title='bbox 292 966 352 1012; x_wconf 72' lang='lat' dir='ltr'><strong>aa?</strong></span> <span class='ocrx_word' id='word_1_44' title='bbox 380 971 421 1013; x_wconf 84' lang='lat' dir='ltr'><strong>ant</strong></span> <span class='ocrx_word' id='word_1_45' title='bbox 435 968 520 1026; x_wconf 69' lang='lat' dir='ltr'><strong>magia)</strong></span> <span class='ocrx_word' id='word_1_46' title='bbox 535 975 611 1027; x_wconf 79' lang='lat' dir='ltr'><strong>atqae</strong></span> <span class='ocrx_word' id='word_1_47' title='bbox 626 969 728 1027; x_wconf 69' lang='lat' dir='ltr'><strong>arag-B</strong></span> <span class='ocrx_word' id='word_1_48' title='bbox 782 968 815 1012; x_wconf 83' lang='lat' dir='ltr'><strong>at.</strong></span> <span class='ocrx_word' id='word_1_49' title='bbox 832 967 853 1013; x_wconf 85' lang='lat' dir='ltr'><strong>ai</strong></span> <span class='ocrx_word' id='word_1_50' title='bbox 868 971 893 1012; x_wconf 92' lang='lat' dir='ltr'><strong>et</strong></span> <span class='ocrx_word' id='word_1_51' title='bbox 906 980 992 1026; x_wconf 80' lang='lat' dir='ltr'><strong>erpere</strong></span> <span class='ocrx_word' id='word_1_52' title='bbox 1006 989 1033 1004; x_wconf 92' lang='lat'><em>-</em></span> <span class='ocrx_word' id='word_1_53' title='bbox 1047 963 1131 1022; x_wconf 70' lang='lat' dir='ltr'><strong>magia)</strong></span> 
     </span>
     <span class='ocr_line' id='line_1_7' title="bbox 50 1043 1130 1101; baseline -0.004 -13"><span class='ocrx_word' id='word_1_54' title='bbox 50 1047 70 1088; x_wconf 78' lang='lat' dir='ltr'><strong>et</strong></span> <span class='ocrx_word' id='word_1_55' title='bbox 86 1045 168 1090; x_wconf 78' lang='lat' dir='ltr'><strong>utere</strong></span> <span class='ocrx_word' id='word_1_56' title='bbox 190 1050 216 1090; x_wconf 85' lang='lat' dir='ltr'><strong>et</strong></span> <span class='ocrx_word' id='word_1_57' title='bbox 234 1055 323 1100; x_wconf 73' lang='lat' dir='ltr'><strong>nupera</strong></span> <span class='ocrx_word' id='word_1_58' title='bbox 344 1044 425 1101; x_wconf 70' lang='lat' dir='ltr'><strong>nogia</strong></span> <span class='ocrx_word' id='word_1_59' title='bbox 445 1044 537 1099; x_wconf 81' lang='lat' dir='ltr'><strong>(medtia</strong></span> <span class='ocrx_word' id='word_1_60' title='bbox 552 1044 654 1099; x_wconf 82' lang='lat' dir='ltr'><strong>eminete)</strong></span> <span class='ocrx_word' id='word_1_61' title='bbox 669 1043 760 1090; x_wconf 75' lang='lat' dir='ltr'><strong>LMGR</strong></span> <span class='ocrx_word' id='word_1_62' title='bbox 774 1045 859 1099; x_wconf 79' lang='lat' dir='ltr'><strong>(ettam</strong></span> <span class='ocrx_word' id='word_1_63' title='bbox 872 1056 960 1100; x_wconf 80' lang='lat' dir='ltr'><strong>eapere</strong></span> <span class='ocrx_word' id='word_1_64' title='bbox 974 1043 1003 1095; x_wconf 80' lang='lat' dir='ltr'><strong>G)</strong></span> <span class='ocrx_word' id='word_1_65' title='bbox 1017 1043 1040 1085; x_wconf 83' lang='lat' dir='ltr'><strong>et</strong></span> <span class='ocrx_word' id='word_1_66' title='bbox 1054 1047 1079 1086; x_wconf 87' lang='lat' dir='ltr'><strong>et</strong></span> <span class='ocrx_word' id='word_1_67' title='bbox 1092 1052 1130 1084; x_wconf 81' lang='lat' dir='ltr'><strong>aa·</strong></span> 
     </span>
     <span class='ocr_line' id='line_1_8' title="bbox 50 1119 355 1176; baseline -0.003 -12"><span class='ocrx_word' id='word_1_68' title='bbox 50 1120 132 1176; x_wconf 81' lang='lat' dir='ltr'><strong>perel’</strong></span> <span class='ocrx_word' id='word_1_69' title='bbox 158 1119 192 1166; x_wconf 86' lang='lat' dir='ltr'><strong>ait</strong></span> <span class='ocrx_word' id='word_1_70' title='bbox 205 1121 238 1173; x_wconf 86' lang='lat' dir='ltr'><strong>et)</strong></span> <span class='ocrx_word' id='word_1_71' title='bbox 252 1125 277 1164; x_wconf 85' lang='lat' dir='ltr'><strong>ot</strong></span> <span class='ocrx_word' id='word_1_72' title='bbox 291 1119 355 1164; x_wconf 78' lang='lat' dir='ltr'><strong>taor.</strong></span> 
     </span>
    </p>
   </div>
   <div class='ocr_carea' id='block_1_4' title="bbox 49 1274 1180 4394">
    <p class='ocr_par' dir='ltr' id='par_1_4' title="bbox 49 1274 1180 2922">
     <span class='ocr_line' id='line_1_9' title="bbox 49 1274 1132 1346; baseline -0.004 -19"><span class='ocrx_word' id='word_1_73' title='bbox 49 1274 173 1346; x_wconf 76' lang='lat' dir='ltr'><strong>rtriptum</strong></span> <span class='ocrx_word' id='word_1_74' title='bbox 185 1274 266 1342; x_wconf 82' lang='lat' dir='ltr'><strong>at(ia</strong></span> <span class='ocrx_word' id='word_1_75' title='bbox 285 1276 371 1342; x_wconf 74' lang='lat' dir='ltr'><strong>Patr..</strong></span> <span class='ocrx_word' id='word_1_76' title='bbox 388 1276 474 1343; x_wconf 76' lang='lat' dir='ltr'><strong>Bau..</strong></span> <span class='ocrx_word' id='word_1_77' title='bbox 491 1278 573 1340; x_wconf 68' lang='lat'><strong>011„</strong></span> <span class='ocrx_word' id='word_1_78' title='bbox 592 1277 707 1332; x_wconf 79' lang='lat' dir='ltr'><strong>Gaiania</strong></span> <span class='ocrx_word' id='word_1_79' title='bbox 725 1277 850 1338; x_wconf 71' lang='lat' dir='ltr'><strong>reticuit,</strong></span> <span class='ocrx_word' id='word_1_80' title='bbox 869 1274 1023 1330; x_wconf 90' lang='lat' dir='ltr'><strong>dummodo</strong></span> <span class='ocrx_word' id='word_1_81' title='bbox 1035 1287 1132 1326; x_wconf 78' lang='lat' dir='ltr'><strong>omnen</strong></span> 
     </span>
     <span class='ocr_line' id='line_1_10' title="bbox 50 1361 1133 1439; baseline -0.005 -19"><span class='ocrx_word' id='word_1_82' title='bbox 50 1375 116 1422; x_wconf 84' lang='lat' dir='ltr'><strong>recto</strong></span> <span class='ocrx_word' id='word_1_83' title='bbox 130 1367 250 1439; x_wconf 83' lang='lat' dir='ltr'><strong>inapeeti</strong></span> <span class='ocrx_word' id='word_1_84' title='bbox 265 1367 354 1435; x_wconf 82' lang='lat' dir='ltr'><strong>aint)r</strong></span> <span class='ocrx_word' id='word_1_85' title='bbox 392 1385 453 1437; x_wconf 77' lang='lat' dir='ltr'><strong>prete</strong></span> <span class='ocrx_word' id='word_1_86' title='bbox 468 1386 520 1423; x_wconf 78' lang='lat' dir='ltr'><strong>noe</strong></span> <span class='ocrx_word' id='word_1_87' title='bbox 536 1371 607 1423; x_wconf 80' lang='lat' dir='ltr'><strong>dono</strong></span> <span class='ocrx_word' id='word_1_88' title='bbox 622 1377 731 1424; x_wconf 82' lang='lat' dir='ltr'><strong>notar-te</strong></span> <span class='ocrx_word' id='word_1_89' title='bbox 748 1369 935 1439; x_wconf 71' lang='lat' dir='ltr'><strong>appellemur,</strong></span> <span class='ocrx_word' id='word_1_90' title='bbox 951 1383 954 1388; x_wconf 88' lang='lat'><em>·</em></span> <span class='ocrx_word' id='word_1_91' title='bbox 971 1366 1054 1437; x_wconf 85' lang='lat' dir='ltr'><strong>idque</strong></span> <span class='ocrx_word' id='word_1_92' title='bbox 1072 1361 1133 1416; x_wconf 87' lang='lat' dir='ltr'><strong>edi-</strong></span> 
     </span>
     <span class='ocr_line' id='line_1_11' title="bbox 51 1459 1131 1531; baseline -0.004 -20"><span class='ocrx_word' id='word_1_93' title='bbox 51 1465 115 1513; x_wconf 84' lang='lat' dir='ltr'><strong>torea</strong></span> <span class='ocrx_word' id='word_1_94' title='bbox 131 1461 199 1514; x_wconf 85' lang='lat' dir='ltr'><strong>inde</strong></span> <span class='ocrx_word' id='word_1_95' title='bbox 217 1474 235 1513; x_wconf 85' lang='lat' dir='ltr'><strong>a</strong></span> <span class='ocrx_word' id='word_1_96' title='bbox 254 1460 412 1514; x_wconf 76' lang='lat' dir='ltr'><strong>Cratandro</strong></span> <span class='ocrx_word' id='word_1_97' title='bbox 433 1478 530 1516; x_wconf 79' lang='lat' dir='ltr'><strong>omaaa</strong></span> <span class='ocrx_word' id='word_1_98' title='bbox 549 1468 708 1518; x_wconf 88' lang='lat' dir='ltr'><strong>tennerunt.</strong></span> <span class='ocrx_word' id='word_1_99' title='bbox 745 1462 957 1531; x_wconf 73' lang='lat' dir='ltr'><strong>intellegebant</strong></span> <span class='ocrx_word' id='word_1_100' title='bbox 971 1459 1064 1526; x_wconf 83' lang='lat' dir='ltr'><strong>primo</strong></span> <span class='ocrx_word' id='word_1_101' title='bbox 1081 1471 1131 1508; x_wconf 87' lang='lat' dir='ltr'><strong>uo·</strong></span> 
     </span>
     <span class='ocr_line' id='line_1_12' title="bbox 53 1546 1133 1624; baseline -0.004 -21"><span class='ocrx_word' id='word_1_102' title='bbox 53 1557 119 1618; x_wconf 72' lang='lat' dir='ltr'><strong>tane,</strong></span> <span class='ocrx_word' id='word_1_103' title='bbox 136 1557 223 1624; x_wconf 82' lang='lat' dir='ltr'><strong>atque</strong></span> <span class='ocrx_word' id='word_1_104' title='bbox 239 1551 281 1606; x_wconf 87' lang='lat' dir='ltr'><strong>eie</strong></span> <span class='ocrx_word' id='word_1_105' title='bbox 298 1551 385 1605; x_wconf 88' lang='lat' dir='ltr'><strong>etiam</strong></span> <span class='ocrx_word' id='word_1_106' title='bbox 403 1552 489 1606; x_wconf 84' lang='lat' dir='ltr'><strong>aeribi</strong></span> <span class='ocrx_word' id='word_1_107' title='bbox 512 1555 648 1608; x_wconf 81' lang='lat' dir='ltr'><strong>nolebant</strong></span> <span class='ocrx_word' id='word_1_108' title='bbox 665 1555 790 1619; x_wconf 81' lang='lat' dir='ltr'><strong>Lbinaa,</strong></span> <span class='ocrx_word' id='word_1_109' title='bbox 808 1554 898 1617; x_wconf 76' lang='lat' dir='ltr'><strong>nne,</strong></span> <span class='ocrx_word' id='word_1_110' title='bbox 917 1550 1065 1614; x_wconf 85' lang='lat' dir='ltr'><strong>Bremina,</strong></span> <span class='ocrx_word' id='word_1_111' title='bbox 1082 1546 1133 1618; x_wconf 84' lang='lat' dir='ltr'><strong>qni</strong></span> 
     </span>
     <span class='ocr_line' id='line_1_13' title="bbox 52 1641 1132 1717; baseline -0.005 -21"><span class='ocrx_word' id='word_1_112' title='bbox 52 1645 184 1712; x_wconf 81' lang='lat' dir='ltr'><strong>quoditie</strong></span> <span class='ocrx_word' id='word_1_113' title='bbox 202 1644 288 1698; x_wconf 83' lang='lat' dir='ltr'><strong>modo</strong></span> <span class='ocrx_word' id='word_1_114' title='bbox 307 1642 362 1698; x_wconf 85' lang='lat' dir='ltr'><strong>diei</strong></span> <span class='ocrx_word' id='word_1_115' title='bbox 379 1661 499 1717; x_wconf 85' lang='lat' dir='ltr'><strong>nequam</strong></span> <span class='ocrx_word' id='word_1_116' title='bbox 515 1646 677 1716; x_wconf 75' lang='lat' dir='ltr'><strong>negabant,</strong></span> <span class='ocrx_word' id='word_1_117' title='bbox 704 1643 787 1699; x_wconf 87' lang='lat' dir='ltr'><strong>obliti</strong></span> <span class='ocrx_word' id='word_1_118' title='bbox 806 1651 888 1699; x_wconf 90' lang='lat' dir='ltr'><strong>erant</strong></span> <span class='ocrx_word' id='word_1_119' title='bbox 909 1644 986 1707; x_wconf 83' lang='lat' dir='ltr'><strong>eiua,</strong></span> <span class='ocrx_word' id='word_1_120' title='bbox 1003 1641 1077 1712; x_wconf 82' lang='lat' dir='ltr'><strong>qnod</strong></span> <span class='ocrx_word' id='word_1_121' title='bbox 1099 1641 1132 1702; x_wconf 83' lang='lat' dir='ltr'><strong>V,</strong></span> 
     </span>
     <span class='ocr_line' id='line_1_14' title="bbox 51 1733 1133 1807; baseline -0.006 -19"><span class='ocrx_word' id='word_1_122' title='bbox 51 1735 413 1807; x_wconf 72' lang='lat' dir='ltr'><strong>iial’ieonal’eripatetiro</strong></span> <span class='ocrx_word' id='word_1_123' title='bbox 424 1736 535 1792; x_wconf 81' lang='lat' dir='ltr'><strong>dieitur.</strong></span> <span class='ocrx_word' id='word_1_124' title='bbox 562 1737 617 1791; x_wconf 87' lang='lat' dir='ltr'><strong>Sed</strong></span> <span class='ocrx_word' id='word_1_125' title='bbox 628 1736 820 1791; x_wconf 78' lang='lat' dir='ltr'><strong>CatoStoicue</strong></span> <span class='ocrx_word' id='word_1_126' title='bbox 838 1737 914 1789; x_wconf 85' lang='lat' dir='ltr'><strong>bona</strong></span> <span class='ocrx_word' id='word_1_127' title='bbox 933 1750 968 1788; x_wconf 88' lang='lat' dir='ltr'><strong>ea</strong></span> <span class='ocrx_word' id='word_1_128' title='bbox 986 1733 1133 1803; x_wconf 86' lang='lat' dir='ltr'><strong>appellare</strong></span> 
     </span>
     <span class='ocr_line' id='line_1_15' title="bbox 54 1825 1133 1900; baseline -0.005 -20"><span class='ocrx_word' id='word_1_129' title='bbox 54 1845 98 1882; x_wconf 83' lang='lat' dir='ltr'><strong>nou</strong></span> <span class='ocrx_word' id='word_1_130' title='bbox 116 1834 240 1900; x_wconf 85' lang='lat' dir='ltr'><strong>poterat,</strong></span> <span class='ocrx_word' id='word_1_131' title='bbox 259 1829 288 1883; x_wconf 85' lang='lat' dir='ltr'><strong>in</strong></span> <span class='ocrx_word' id='word_1_132' title='bbox 307 1830 364 1884; x_wconf 84' lang='lat' dir='ltr'><strong>hae</strong></span> <span class='ocrx_word' id='word_1_133' title='bbox 384 1831 539 1898; x_wconf 81' lang='lat' dir='ltr'><strong>preaertim</strong></span> <span class='ocrx_word' id='word_1_134' title='bbox 558 1846 622 1883; x_wconf 88' lang='lat' dir='ltr'><strong>eum</strong></span> <span class='ocrx_word' id='word_1_135' title='bbox 640 1828 836 1899; x_wconf 73' lang='lat' dir='ltr'><strong>Peripatetici·</strong></span> <span class='ocrx_word' id='word_1_136' title='bbox 855 1825 1064 1890; x_wconf 79' lang='lat' dir='ltr'><strong>controueroia3</strong></span> <span class='ocrx_word' id='word_1_137' title='bbox 1083 1837 1133 1893; x_wconf 88' lang='lat' dir='ltr'><strong>ap-</strong></span> 
     </span>
     <span class='ocr_line' id='line_1_16' title="bbox 52 1919 1134 1990; baseline -0.005 -18"><span class='ocrx_word' id='word_1_138' title='bbox 52 1921 159 1988; x_wconf 83' lang='lat' dir='ltr'><strong>pellaret</strong></span> <span class='ocrx_word' id='word_1_139' title='bbox 175 1927 294 1986; x_wconf 88' lang='lat' dir='ltr'><strong>antem,</strong></span> <span class='ocrx_word' id='word_1_140' title='bbox 311 1919 427 1974; x_wconf 72' lang='lat' dir='ltr'><strong>&#39;etiamsi</strong></span> <span class='ocrx_word' id='word_1_141' title='bbox 442 1920 534 1989; x_wconf 81' lang='lat' dir='ltr'><strong>priano</strong></span> <span class='ocrx_word' id='word_1_142' title='bbox 549 1921 732 1986; x_wconf 78' lang='lat' dir='ltr'><strong>aeriberetnr,</strong></span> <span class='ocrx_word' id='word_1_143' title='bbox 752 1921 884 1990; x_wconf 83' lang='lat' dir='ltr'><strong>quoniam</strong></span> <span class='ocrx_word' id='word_1_144' title='bbox 904 1926 1032 1976; x_wconf 86' lang='lat' dir='ltr'><strong>maneret</strong></span> <span class='ocrx_word' id='word_1_145' title='bbox 1042 1933 1134 1969; x_wconf 81' lang='lat' dir='ltr'><strong>eorem</strong></span> 
     </span>
     <span class='ocr_line' id='line_1_17' title="bbox 53 2005 1134 2083; baseline -0.005 -21"><span class='ocrx_word' id='word_1_146' title='bbox 53 2011 177 2068; x_wconf 67' lang='lat' dir='ltr'><strong>tonora..</strong></span> <span class='ocrx_word' id='word_1_147' title='bbox 211 2011 323 2066; x_wconf 78' lang='lat' dir='ltr'><strong>Deinde</strong></span> <span class='ocrx_word' id='word_1_148' title='bbox 341 2012 393 2066; x_wconf 85' lang='lat' dir='ltr'><strong>ilia</strong></span> <span class='ocrx_word' id='word_1_149' title='bbox 403 2012 497 2083; x_wconf 89' lang='lat' dir='ltr'><strong>prima</strong></span> <span class='ocrx_word' id='word_1_150' title='bbox 514 2019 622 2068; x_wconf 81' lang='lat' dir='ltr'><strong>natare</strong></span> <span class='ocrx_word' id='word_1_151' title='bbox 639 2019 742 2083; x_wconf 89' lang='lat' dir='ltr'><strong>putant</strong></span> <span class='ocrx_word' id='word_1_152' title='bbox 757 2011 907 2083; x_wconf 85' lang='lat' dir='ltr'><strong>conparari</strong></span> <span class='ocrx_word' id='word_1_153' title='bbox 926 2027 989 2063; x_wconf 86' lang='lat' dir='ltr'><strong>enm</strong></span> <span class='ocrx_word' id='word_1_154' title='bbox 1008 2005 1134 2077; x_wconf 76' lang='lat' dir='ltr'><strong>eorporis</strong></span> 
     </span>
     <span class='ocr_line' id='line_1_18' title="bbox 55 2100 1131 2177; baseline -0.005 -21"><span class='ocrx_word' id='word_1_155' title='bbox 55 2107 212 2172; x_wconf 71' lang='lat' dir='ltr'><strong>commodis,</strong></span> <span class='ocrx_word' id='word_1_156' title='bbox 231 2113 367 2177; x_wconf 86' lang='lat' dir='ltr'><strong>tanquam</strong></span> <span class='ocrx_word' id='word_1_157' title='bbox 385 2105 597 2177; x_wconf 81' lang='lat' dir='ltr'><strong>preatantiora;</strong></span> <span class='ocrx_word' id='word_1_158' title='bbox 616 2100 695 2174; x_wconf 82' lang='lat' dir='ltr'><strong>atqui</strong></span> <span class='ocrx_word' id='word_1_159' title='bbox 714 2103 742 2157; x_wconf 87' lang='lat' dir='ltr'><strong>in</strong></span> <span class='ocrx_word' id='word_1_160' title='bbox 763 2101 860 2175; x_wconf 83' lang='lat' dir='ltr'><strong>primia</strong></span> <span class='ocrx_word' id='word_1_161' title='bbox 882 2110 989 2158; x_wconf 78' lang='lat' dir='ltr'><strong>nature</strong></span> <span class='ocrx_word' id='word_1_162' title='bbox 1005 2100 1054 2154; x_wconf 87' lang='lat' dir='ltr'><strong>nei</strong></span> <span class='ocrx_word' id='word_1_163' title='bbox 1071 2114 1131 2152; x_wconf 88' lang='lat' dir='ltr'><strong>ma·</strong></span> 
     </span>
     <span class='ocr_line' id='line_1_19' title="bbox 54 2188 1134 2270; baseline -0.006 -20"><span class='ocrx_word' id='word_1_164' title='bbox 54 2215 124 2252; x_wconf 85' lang='lat' dir='ltr'><strong>rema</strong></span> <span class='ocrx_word' id='word_1_165' title='bbox 142 2199 369 2254; x_wconf 83' lang='lat' dir='ltr'><strong>numerabantur</strong></span> <span class='ocrx_word' id='word_1_166' title='bbox 387 2199 513 2270; x_wconf 74' lang='lat' dir='ltr'><strong>eorporis</strong></span> <span class='ocrx_word' id='word_1_167' title='bbox 533 2197 682 2254; x_wconf 82' lang='lat' dir='ltr'><strong>commoda</strong></span> <span class='ocrx_word' id='word_1_168' title='bbox 704 2196 732 2264; x_wconf 65' lang='grc' dir='ltr'><strong>(ξ</strong></span> <span class='ocrx_word' id='word_1_169' title='bbox 749 2196 800 2260; x_wconf 83' lang='grc'><strong>17,</strong></span> <span class='ocrx_word' id='word_1_170' title='bbox 818 2195 863 2260; x_wconf 83' lang='grc' dir='ltr'><strong>ΙΙ,</strong></span> <span class='ocrx_word' id='word_1_171' title='bbox 880 2195 932 2261; x_wconf 82' lang='lat' dir='ltr'><strong>at,</strong></span> <span class='ocrx_word' id='word_1_172' title='bbox 952 2195 985 2260; x_wconf 83' lang='lat' dir='ltr'><strong>V,</strong></span> <span class='ocrx_word' id='word_1_173' title='bbox 1002 2191 1068 2259; x_wconf 66' lang='lat'><strong>18),</strong></span> <span class='ocrx_word' id='word_1_174' title='bbox 1086 2188 1134 2244; x_wconf 83' lang='lat' dir='ltr'><strong>hie</strong></span> 
     </span>
     <span class='ocr_line' id='line_1_20' title="bbox 54 2285 1133 2362; baseline -0.006 -20"><span class='ocrx_word' id='word_1_175' title='bbox 54 2293 134 2345; x_wconf 88' lang='lat' dir='ltr'><strong>autem</strong></span> <span class='ocrx_word' id='word_1_176' title='bbox 164 2291 249 2345; x_wconf 88' lang='lat' dir='ltr'><strong>etiam</strong></span> <span class='ocrx_word' id='word_1_177' title='bbox 279 2291 365 2346; x_wconf 84' lang='lat' dir='ltr'><strong>latina</strong></span> <span class='ocrx_word' id='word_1_178' title='bbox 391 2297 489 2362; x_wconf 86' lang='lat' dir='ltr'><strong>patere</strong></span> <span class='ocrx_word' id='word_1_179' title='bbox 514 2291 639 2360; x_wconf 85' lang='lat' dir='ltr'><strong>eorporia</strong></span> <span class='ocrx_word' id='word_1_180' title='bbox 657 2289 870 2344; x_wconf 81' lang='lat' dir='ltr'><strong>commodorum</strong></span> <span class='ocrx_word' id='word_1_181' title='bbox 898 2285 1133 2358; x_wconf 70' lang='lat' dir='ltr'><strong>appellationem,</strong></span> 
     </span>
     <span class='ocr_line' id='line_1_21' title="bbox 53 2377 1130 2455; baseline -0.004 -21"><span class='ocrx_word' id='word_1_182' title='bbox 53 2383 189 2452; x_wconf 76' lang='lat' dir='ltr'><strong>reperiere</strong></span> <span class='ocrx_word' id='word_1_183' title='bbox 208 2383 390 2438; x_wconf 72' lang='lat' dir='ltr'><strong>adnotatione</strong></span> <span class='ocrx_word' id='word_1_184' title='bbox 408 2382 473 2438; x_wconf 84' lang='lat' dir='ltr'><strong>dixi.</strong></span> <span class='ocrx_word' id='word_1_185' title='bbox 516 2383 614 2455; x_wconf 78' lang='lat' dir='ltr'><strong>Longe</strong></span> <span class='ocrx_word' id='word_1_186' title='bbox 631 2380 752 2452; x_wconf 78' lang='lat' dir='ltr'><strong>deniquo</strong></span> <span class='ocrx_word' id='word_1_187' title='bbox 771 2381 857 2436; x_wconf 88' lang='lat' dir='ltr'><strong>aliam</strong></span> <span class='ocrx_word' id='word_1_188' title='bbox 877 2397 936 2435; x_wconf 81' lang='lat' dir='ltr'><strong>eree</strong></span> <span class='ocrx_word' id='word_1_189' title='bbox 957 2393 1056 2435; x_wconf 89' lang='lat' dir='ltr'><strong>ueram</strong></span> <span class='ocrx_word' id='word_1_190' title='bbox 1076 2377 1130 2430; x_wconf 79' lang='lat' dir='ltr'><strong>Ga-</strong></span> 
     </span>
     <span class='ocr_line' id='line_1_22' title="bbox 54 2469 1133 2547; baseline -0.001 -23"><span class='ocrx_word' id='word_1_191' title='bbox 54 2473 114 2528; x_wconf 84' lang='lat' dir='ltr'><strong>tonir</strong></span> <span class='ocrx_word' id='word_1_192' title='bbox 131 2476 428 2547; x_wconf 73' lang='lat' dir='ltr'><strong>argumentationem,</strong></span> <span class='ocrx_word' id='word_1_193' title='bbox 447 2473 528 2531; x_wconf 89' lang='lat' dir='ltr'><strong>initio</strong></span> <span class='ocrx_word' id='word_1_194' title='bbox 547 2475 702 2530; x_wconf 84' lang='lat' dir='ltr'><strong>deciarnei.</strong></span> <span class='ocrx_word' id='word_1_195' title='bbox 744 2474 946 2530; x_wconf 82' lang='lat' dir='ltr'><strong>coniunctione</strong></span> <span class='ocrx_word' id='word_1_196' title='bbox 965 2469 1133 2540; x_wconf 72' lang='lat' dir='ltr'><strong>appellemur</strong></span> 
     </span>
     <span class='ocr_line' id='line_1_23' title="bbox 55 2561 1134 2640; baseline -0.006 -22"><span class='ocrx_word' id='word_1_197' title='bbox 55 2567 161 2622; x_wconf 78' lang='lat' dir='ltr'><strong>eandem</strong></span> <span class='ocrx_word' id='word_1_198' title='bbox 177 2568 268 2622; x_wconf 80' lang='lat' dir='ltr'><strong>nabet</strong></span> <span class='ocrx_word' id='word_1_199' title='bbox 286 2584 426 2637; x_wconf 80' lang='lat' dir='ltr'><strong>coemam,</strong></span> <span class='ocrx_word' id='word_1_200' title='bbox 443 2583 528 2640; x_wconf 85' lang='lat' dir='ltr'><strong>qnam</strong></span> <span class='ocrx_word' id='word_1_201' title='bbox 539 2568 576 2622; x_wconf 86' lang='lat' dir='ltr'><strong>ad</strong></span> <span class='ocrx_word' id='word_1_202' title='bbox 594 2570 608 2637; x_wconf 59' lang='grc' dir='ltr'>ᾗ</span> <span class='ocrx_word' id='word_1_203' title='bbox 626 2569 661 2622; x_wconf 82' lang='grc'><strong>17</strong></span> <span class='ocrx_word' id='word_1_204' title='bbox 678 2567 778 2637; x_wconf 77' lang='lat' dir='ltr'><strong>adtigi.</strong></span> <span class='ocrx_word' id='word_1_205' title='bbox 814 2567 933 2620; x_wconf 77' lang='lat' dir='ltr'><strong>Poterat</strong></span> <span class='ocrx_word' id='word_1_206' title='bbox 951 2567 1021 2618; x_wconf 73' lang='lat' dir='ltr'><strong>(iate</strong></span> <span class='ocrx_word' id='word_1_207' title='bbox 1040 2561 1134 2614; x_wconf 86' lang='lat' dir='ltr'><strong>dicere</strong></span> 
     </span>
     <span class='ocr_line' id='line_1_24' title="bbox 57 2654 1131 2731; baseline -0.002 -22"><span class='ocrx_word' id='word_1_208' title='bbox 57 2673 83 2709; x_wconf 82' lang='lat' dir='ltr'><strong>ea</strong></span> <span class='ocrx_word' id='word_1_209' title='bbox 97 2675 147 2713; x_wconf 85' lang='lat' dir='ltr'><strong>ana</strong></span> <span class='ocrx_word' id='word_1_210' title='bbox 164 2676 285 2731; x_wconf 75' lang='lat' dir='ltr'><strong>param</strong></span> <span class='ocrx_word' id='word_1_211' title='bbox 301 2660 475 2729; x_wconf 81' lang='lat' dir='ltr'><strong>appeltomoa</strong></span> <span class='ocrx_word' id='word_1_212' title='bbox 494 2664 539 2726; x_wconf 85' lang='lat' dir='ltr'><strong>(nt</strong></span> <span class='ocrx_word' id='word_1_213' title='bbox 564 2661 628 2713; x_wconf 88' lang='lat' dir='ltr'><strong>erat</strong></span> <span class='ocrx_word' id='word_1_214' title='bbox 652 2659 681 2713; x_wconf 91' lang='lat' dir='ltr'><strong>in</strong></span> <span class='ocrx_word' id='word_1_215' title='bbox 702 2659 796 2713; x_wconf 84' lang='lat' dir='ltr'><strong>Mead.</strong></span> <span class='ocrx_word' id='word_1_216' title='bbox 818 2665 846 2712; x_wconf 88' lang='lat' dir='ltr'><strong>et</strong></span> <span class='ocrx_word' id='word_1_217' title='bbox 864 2659 909 2712; x_wconf 81' lang='grc' dir='ltr'><strong>ΕΙ.</strong></span> <span class='ocrx_word' id='word_1_218' title='bbox 926 2657 945 2710; x_wconf 73' lang='lat'><em>2</em></span> <span class='ocrx_word' id='word_1_219' title='bbox 963 2655 1009 2724; x_wconf 71' lang='lat' dir='ltr'><strong>(i)</strong></span> <span class='ocrx_word' id='word_1_220' title='bbox 1027 2654 1131 2727; x_wconf 84' lang='lat' dir='ltr'><strong>proba·</strong></span> 
     </span>
     <span class='ocr_line' id='line_1_25' title="bbox 56 2747 1180 2823; baseline -0.006 -19"><span class='ocrx_word' id='word_1_221' title='bbox 56 2758 199 2821; x_wconf 74' lang='lat' dir='ltr'><strong>noruntque</strong></span> <span class='ocrx_word' id='word_1_222' title='bbox 218 2755 291 2808; x_wconf 77' lang='lat' dir='ltr'><strong>Itan.</strong></span> <span class='ocrx_word' id='word_1_223' title='bbox 316 2760 344 2808; x_wconf 94' lang='lat' dir='ltr'><strong>et</strong></span> <span class='ocrx_word' id='word_1_224' title='bbox 361 2753 526 2821; x_wconf 85' lang='lat' dir='ltr'><strong>Bremiea),</strong></span> <span class='ocrx_word' id='word_1_225' title='bbox 560 2752 608 2807; x_wconf 83' lang='lat' dir='ltr'><strong>aed</strong></span> <span class='ocrx_word' id='word_1_226' title='bbox 636 2757 746 2823; x_wconf 87' lang='lat' dir='ltr'><strong>partem</strong></span> <span class='ocrx_word' id='word_1_227' title='bbox 771 2753 845 2806; x_wconf 85' lang='lat' dir='ltr'><strong>trane</strong></span> <span class='ocrx_word' id='word_1_228' title='bbox 863 2752 934 2806; x_wconf 76' lang='lat' dir='ltr'><strong>iecit</strong></span> <span class='ocrx_word' id='word_1_229' title='bbox 950 2747 1093 2804; x_wconf 70' lang='lat' dir='ltr'><strong>tententiae</strong></span> <span class='ocrx_word' id='word_1_230' title='bbox 1115 2762 1132 2797; x_wconf 84' lang='lat' dir='ltr'><strong>a</strong></span> <span class='ocrx_word' id='word_1_231' title='bbox 1177 2771 1180 2780; x_wconf 86' lang='grc'>·</span> 
     </span>
     <span class='ocr_line' id='line_1_26' title="bbox 55 2825 998 2922; baseline 0.004 -28"><span class='ocrx_word' id='word_1_232' title='bbox 55 2843 153 2908; x_wconf 73' lang='lat' dir='ltr'><strong>placeat</strong></span> <span class='ocrx_word' id='word_1_233' title='bbox 169 2845 325 2916; x_wconf 82' lang='lat' dir='ltr'><strong>pendentia,</strong></span> <span class='ocrx_word' id='word_1_234' title='bbox 343 2863 399 2916; x_wconf 85' lang='lat' dir='ltr'><strong>qua</strong></span> <span class='ocrx_word' id='word_1_235' title='bbox 418 2843 578 2900; x_wconf 84' lang='lat' dir='ltr'><strong>Stoicorum</strong></span> <span class='ocrx_word' id='word_1_236' title='bbox 597 2845 701 2915; x_wconf 82' lang='lat' dir='ltr'><strong>dogma</strong></span> <span class='ocrx_word' id='word_1_237' title='bbox 715 2845 885 2922; x_wconf 80' lang='lat' dir='ltr'><strong>continetur.</strong></span> <span class='ocrx_word' id='word_1_238' title='bbox 994 2825 998 2832; x_wconf 37' lang='lat'>⁸</span> 
     </span>
    </p>

    <p class='ocr_par' dir='ltr' id='par_1_5' title="bbox 55 2931 1133 4394">
     <span class='ocr_line' id='line_1_27' title="bbox 112 2931 1130 3006; baseline -0.008 -18"><span class='ocrx_word' id='word_1_239' title='bbox 112 2939 137 2989; x_wconf 82' lang='lat' dir='ltr'><strong>ri</strong></span> <span class='ocrx_word' id='word_1_240' title='bbox 153 2945 179 2990; x_wconf 84' lang='lat' dir='ltr'><strong>et</strong></span> <span class='ocrx_word' id='word_1_241' title='bbox 198 2953 296 3005; x_wconf 84' lang='lat' dir='ltr'><strong>tepere</strong></span> <span class='ocrx_word' id='word_1_242' title='bbox 314 2940 492 3006; x_wconf 70' lang='lat' dir='ltr'><strong>expetendane</strong></span> <span class='ocrx_word' id='word_1_243' title='bbox 514 2939 551 2992; x_wconf 83' lang='lat' dir='ltr'><strong>ait</strong></span> <span class='ocrx_word' id='word_1_244' title='bbox 571 2945 598 2992; x_wconf 85' lang='lat' dir='ltr'><strong>et</strong></span> <span class='ocrx_word' id='word_1_245' title='bbox 615 2940 711 2990; x_wconf 76' lang='lat' dir='ltr'><strong>renim</strong></span> <span class='ocrx_word' id='word_1_246' title='bbox 729 2936 797 3002; x_wconf 75' lang='lat' dir='ltr'><strong>dre.)</strong></span> <span class='ocrx_word' id='word_1_247' title='bbox 816 2943 845 2990; x_wconf 86' lang='lat' dir='ltr'><strong>ut</strong></span> <span class='ocrx_word' id='word_1_248' title='bbox 863 2931 1046 3004; x_wconf 73' lang='lat' dir='ltr'><strong>Peripatetici</strong></span> <span class='ocrx_word' id='word_1_249' title='bbox 1066 2945 1130 2982; x_wconf 87' lang='lat' dir='ltr'><strong>een·</strong></span> 
     </span>
     <span class='ocr_line' id='line_1_28' title="bbox 55 3022 1131 3103; baseline -0.005 -24"><span class='ocrx_word' id='word_1_250' title='bbox 55 3035 119 3094; x_wconf 64' lang='grc' dir='ltr'><strong>σου),</strong></span> <span class='ocrx_word' id='word_1_251' title='bbox 137 3046 202 3084; x_wconf 85' lang='lat' dir='ltr'><strong>nam</strong></span> <span class='ocrx_word' id='word_1_252' title='bbox 220 3027 308 3084; x_wconf 82' lang='lat' dir='ltr'><strong>Stoici</strong></span> <span class='ocrx_word' id='word_1_253' title='bbox 327 3031 425 3084; x_wconf 85' lang='lat' dir='ltr'><strong>ualere</strong></span> <span class='ocrx_word' id='word_1_254' title='bbox 441 3047 495 3084; x_wconf 89' lang='lat' dir='ltr'><strong>aon</strong></span> <span class='ocrx_word' id='word_1_255' title='bbox 512 3033 707 3103; x_wconf 85' lang='lat' dir='ltr'><strong>expetendum,</strong></span> <span class='ocrx_word' id='word_1_256' title='bbox 726 3030 774 3084; x_wconf 88' lang='lat' dir='ltr'><strong>aed</strong></span> <span class='ocrx_word' id='word_1_257' title='bbox 792 3027 959 3081; x_wconf 79' lang='lat' dir='ltr'><strong>auertendum</strong></span> <span class='ocrx_word' id='word_1_258' title='bbox 978 3028 1006 3078; x_wconf 90' lang='lat' dir='ltr'><strong>et</strong></span> <span class='ocrx_word' id='word_1_259' title='bbox 1024 3022 1131 3092; x_wconf 79' lang='lat' dir='ltr'><strong>eligen-</strong></span> 
     </span>
     <span class='ocr_line' id='line_1_29' title="bbox 55 3111 1131 3195; baseline -0.005 -24"><span class='ocrx_word' id='word_1_260' title='bbox 55 3117 109 3173; x_wconf 85' lang='lat' dir='ltr'><strong>dum</strong></span> <span class='ocrx_word' id='word_1_261' title='bbox 126 3117 235 3186; x_wconf 63' lang='lat' dir='ltr'><strong>dicante</strong></span> <span class='ocrx_word' id='word_1_262' title='bbox 259 3129 287 3175; x_wconf 91' lang='lat' dir='ltr'><strong>et</strong></span> <span class='ocrx_word' id='word_1_263' title='bbox 305 3139 475 3193; x_wconf 85' lang='lat' dir='ltr'><strong>quamquam</strong></span> <span class='ocrx_word' id='word_1_264' title='bbox 495 3130 524 3177; x_wconf 93' lang='lat' dir='ltr'><strong>et</strong></span> <span class='ocrx_word' id='word_1_265' title='bbox 541 3140 661 3194; x_wconf 84' lang='lat' dir='ltr'><strong>rapere,</strong></span> <span class='ocrx_word' id='word_1_266' title='bbox 682 3123 755 3195; x_wconf 85' lang='lat' dir='ltr'><strong>quod</strong></span> <span class='ocrx_word' id='word_1_267' title='bbox 778 3119 867 3176; x_wconf 87' lang='lat' dir='ltr'><strong>uirtua</strong></span> <span class='ocrx_word' id='word_1_268' title='bbox 887 3126 944 3182; x_wconf 88' lang='lat' dir='ltr'><strong>eat,</strong></span> <span class='ocrx_word' id='word_1_269' title='bbox 962 3111 1131 3170; x_wconf 74' lang='lat' dir='ltr'><strong>autumatio·</strong></span> 
     </span>
     <span class='ocr_line' id='line_1_30' title="bbox 56 3207 1132 3283; baseline -0.003 -18"><span class='ocrx_word' id='word_1_270' title='bbox 56 3227 107 3264; x_wconf 80' lang='lat' dir='ltr'><strong>aem</strong></span> <span class='ocrx_word' id='word_1_271' title='bbox 123 3213 209 3267; x_wconf 76' lang='lat' dir='ltr'><strong>habet</strong></span> <span class='ocrx_word' id='word_1_272' title='bbox 227 3207 336 3280; x_wconf 74' lang='grc' dir='ltr'><strong>(ἄξίαν)</strong></span> <span class='ocrx_word' id='word_1_273' title='bbox 359 3217 388 3267; x_wconf 76' lang='lat' dir='ltr'><strong>et</strong></span> <span class='ocrx_word' id='word_1_274' title='bbox 405 3217 520 3280; x_wconf 86' lang='lat' dir='ltr'><strong>uetere,</strong></span> <span class='ocrx_word' id='word_1_275' title='bbox 550 3224 644 3268; x_wconf 88' lang='lat' dir='ltr'><strong>tomen</strong></span> <span class='ocrx_word' id='word_1_276' title='bbox 665 3215 718 3268; x_wconf 88' lang='lat' dir='ltr'><strong>itta</strong></span> <span class='ocrx_word' id='word_1_277' title='bbox 738 3213 883 3283; x_wconf 74' lang='lat' dir='ltr'><strong>sapientie</strong></span> <span class='ocrx_word' id='word_1_278' title='bbox 901 3207 1058 3266; x_wconf 74' lang='lat' dir='ltr'><strong>aestumatio</strong></span> <span class='ocrx_word' id='word_1_279' title='bbox 1077 3225 1132 3262; x_wconf 88' lang='lat' dir='ltr'><strong>nou</strong></span> 
     </span>
     <span class='ocr_line' id='line_1_31' title="bbox 57 3302 1131 3376; baseline 0 -23"><span class='ocrx_word' id='word_1_280' title='bbox 57 3311 178 3372; x_wconf 75' lang='lat' dir='ltr'><strong>augetur,</strong></span> <span class='ocrx_word' id='word_1_281' title='bbox 204 3305 302 3362; x_wconf 85' lang='lat' dir='ltr'><strong>addita</strong></span> <span class='ocrx_word' id='word_1_282' title='bbox 322 3307 493 3360; x_wconf 83' lang='lat' dir='ltr'><strong>ualetudinie</strong></span> <span class='ocrx_word' id='word_1_283' title='bbox 511 3307 722 3372; x_wconf 83' lang='lat' dir='ltr'><strong>reetnnratinae,</strong></span> <span class='ocrx_word' id='word_1_284' title='bbox 741 3304 807 3376; x_wconf 85' lang='lat' dir='ltr'><strong>qnia</strong></span> <span class='ocrx_word' id='word_1_285' title='bbox 825 3305 877 3359; x_wconf 88' lang='lat' dir='ltr'><strong>itta</strong></span> <span class='ocrx_word' id='word_1_286' title='bbox 895 3323 929 3359; x_wconf 86' lang='lat' dir='ltr'><strong>ox</strong></span> <span class='ocrx_word' id='word_1_287' title='bbox 949 3302 1007 3359; x_wconf 88' lang='lat' dir='ltr'><strong>alin</strong></span> <span class='ocrx_word' id='word_1_288' title='bbox 1026 3317 1131 3374; x_wconf 74' lang='lat' dir='ltr'><strong>genere</strong></span> 
     </span>
     <span class='ocr_line' id='line_1_32' title="bbox 55 3395 1133 3470; baseline 0.001 -22"><span class='ocrx_word' id='word_1_289' title='bbox 55 3399 75 3444; x_wconf 85' lang='lat' dir='ltr'><strong>tt</strong></span> <span class='ocrx_word' id='word_1_290' title='bbox 98 3412 142 3450; x_wconf 86' lang='lat' dir='ltr'><strong>nee</strong></span> <span class='ocrx_word' id='word_1_291' title='bbox 167 3399 262 3470; x_wconf 76' lang='lat' dir='ltr'><strong>gradu</strong></span> <span class='ocrx_word' id='word_1_292' title='bbox 288 3403 396 3452; x_wconf 88' lang='lat' dir='ltr'><strong>tautum</strong></span> <span class='ocrx_word' id='word_1_293' title='bbox 425 3407 453 3454; x_wconf 89' lang='lat' dir='ltr'><strong>et</strong></span> <span class='ocrx_word' id='word_1_294' title='bbox 481 3398 716 3470; x_wconf 82' lang='lat' dir='ltr'><strong>magnitudinea</strong></span> <span class='ocrx_word' id='word_1_295' title='bbox 744 3395 913 3452; x_wconf 85' lang='lat' dir='ltr'><strong>ualetudinia</strong></span> <span class='ocrx_word' id='word_1_296' title='bbox 940 3395 1133 3451; x_wconf 77' lang='lat' dir='ltr'><strong>eetumatione</strong></span> 
     </span>
     <span class='ocr_line' id='line_1_33' title="bbox 57 3485 1133 3563; baseline 0.008 -29"><span class='ocrx_word' id='word_1_297' title='bbox 57 3485 138 3544; x_wconf 79' lang='lat' dir='ltr'><strong>dititrt</strong></span> <span class='ocrx_word' id='word_1_298' title='bbox 153 3491 181 3558; x_wconf 62' lang='grc' dir='ltr'><strong>(ᾗ</strong></span> <span class='ocrx_word' id='word_1_299' title='bbox 198 3491 257 3556; x_wconf 79' lang='lat' dir='ltr'><strong>tt).</strong></span> <span class='ocrx_word' id='word_1_300' title='bbox 294 3489 401 3544; x_wconf 70' lang='lat' dir='ltr'><strong>iterum</strong></span> <span class='ocrx_word' id='word_1_301' title='bbox 422 3493 519 3545; x_wconf 84' lang='lat' dir='ltr'><strong>eodem</strong></span> <span class='ocrx_word' id='word_1_302' title='bbox 541 3494 642 3558; x_wconf 77' lang='lat' dir='ltr'><strong>niodo,</strong></span> <span class='ocrx_word' id='word_1_303' title='bbox 662 3509 717 3563; x_wconf 88' lang='lat' dir='ltr'><strong>quo</strong></span> <span class='ocrx_word' id='word_1_304' title='bbox 736 3491 824 3545; x_wconf 87' lang='lat' dir='ltr'><strong>noatri</strong></span> <span class='ocrx_word' id='word_1_305' title='bbox 843 3491 953 3546; x_wconf 78' lang='lat' dir='ltr'><strong>codicea</strong></span> <span class='ocrx_word' id='word_1_306' title='bbox 970 3490 1133 3552; x_wconf 72' lang='lat' dir='ltr'><strong>deteriores,</strong></span> 
     </span>
     <span class='ocr_line' id='line_1_34' title="bbox 61 3578 1131 3659; baseline 0.006 -32"><span class='ocrx_word' id='word_1_307' title='bbox 61 3578 209 3636; x_wconf 79' lang='lat' dir='ltr'><strong>tantitatem</strong></span> <span class='ocrx_word' id='word_1_308' title='bbox 228 3582 337 3636; x_wconf 78' lang='lat' dir='ltr'><strong>liabent</strong></span> <span class='ocrx_word' id='word_1_309' title='bbox 356 3583 442 3636; x_wconf 83' lang='lat' dir='ltr'><strong>ceteri</strong></span> <span class='ocrx_word' id='word_1_310' title='bbox 461 3583 586 3636; x_wconf 86' lang='lat' dir='ltr'><strong>einadem</strong></span> <span class='ocrx_word' id='word_1_311' title='bbox 606 3584 721 3654; x_wconf 79' lang='lat' dir='ltr'><strong>generia</strong></span> <span class='ocrx_word' id='word_1_312' title='bbox 737 3586 843 3659; x_wconf 74' lang='lat' dir='ltr'><strong>(Dare,</strong></span> <span class='ocrx_word' id='word_1_313' title='bbox 861 3584 941 3650; x_wconf 78' lang='lat' dir='ltr'><strong>on,</strong></span> <span class='ocrx_word' id='word_1_314' title='bbox 960 3586 1036 3650; x_wconf 76' lang='lat' dir='ltr'><strong>Bae,</strong></span> <span class='ocrx_word' id='word_1_315' title='bbox 1056 3583 1131 3636; x_wconf 82' lang='lat' dir='ltr'><strong>Gnd.</strong></span> 
     </span>
     <span class='ocr_line' id='line_1_35' title="bbox 57 3667 1131 3744; baseline -0.004 -14"><span class='ocrx_word' id='word_1_316' title='bbox 57 3667 84 3730; x_wconf 85' lang='lat' dir='ltr'><strong>l;</strong></span> <span class='ocrx_word' id='word_1_317' title='bbox 100 3672 232 3728; x_wconf 77' lang='lat' dir='ltr'><strong>Gruterum</strong></span> <span class='ocrx_word' id='word_1_318' title='bbox 256 3677 347 3742; x_wconf 83' lang='lat' dir='ltr'><strong>tacet)</strong></span> <span class='ocrx_word' id='word_1_319' title='bbox 367 3682 395 3728; x_wconf 90' lang='lat' dir='ltr'><strong>et</strong></span> <span class='ocrx_word' id='word_1_320' title='bbox 406 3683 518 3730; x_wconf 86' lang='lat' dir='ltr'><strong>neterea</strong></span> <span class='ocrx_word' id='word_1_321' title='bbox 533 3675 666 3730; x_wconf 72' lang='lat' dir='ltr'><strong>editione·</strong></span> <span class='ocrx_word' id='word_1_322' title='bbox 685 3675 797 3744; x_wconf 75' lang='lat' dir='ltr'><strong>(Mara,</strong></span> <span class='ocrx_word' id='word_1_323' title='bbox 810 3679 897 3744; x_wconf 82' lang='lat' dir='ltr'><strong>Crat,</strong></span> <span class='ocrx_word' id='word_1_324' title='bbox 918 3677 1012 3742; x_wconf 73' lang='lat' dir='ltr'><strong>etet).</strong></span> <span class='ocrx_word' id='word_1_325' title='bbox 1043 3675 1131 3728; x_wconf 75' lang='lat' dir='ltr'><strong>Aber-</strong></span> 
     </span>
     <span class='ocr_line' id='line_1_36' title="bbox 57 3765 1132 3846; baseline 0.009 -37"><span class='ocrx_word' id='word_1_326' title='bbox 57 3767 123 3816; x_wconf 86' lang='lat' dir='ltr'><strong>rarat</strong></span> <span class='ocrx_word' id='word_1_327' title='bbox 137 3768 235 3822; x_wconf 83' lang='lat' dir='ltr'><strong>oeuina</strong></span> <span class='ocrx_word' id='word_1_328' title='bbox 251 3765 353 3846; x_wconf 70' lang='lat' dir='ltr'><strong>librari</strong></span> <span class='ocrx_word' id='word_1_329' title='bbox 371 3766 400 3820; x_wconf 84' lang='lat' dir='ltr'><strong>ia</strong></span> <span class='ocrx_word' id='word_1_330' title='bbox 419 3783 490 3821; x_wconf 84' lang='lat' dir='ltr'><strong>noce</strong></span> <span class='ocrx_word' id='word_1_331' title='bbox 516 3769 710 3838; x_wconf 67' lang='lat' dir='ltr'><strong>expetendam,</strong></span> <span class='ocrx_word' id='word_1_332' title='bbox 746 3769 847 3823; x_wconf 87' lang='lat' dir='ltr'><strong>deinde</strong></span> <span class='ocrx_word' id='word_1_333' title='bbox 865 3771 960 3824; x_wconf 79' lang='lat' dir='ltr'><strong>ualere</strong></span> <span class='ocrx_word' id='word_1_334' title='bbox 977 3771 1132 3822; x_wconf 83' lang='lat' dir='ltr'><strong>retractum</strong></span> 
     </span>
     <span class='ocr_line' id='line_1_37' title="bbox 56 3858 1132 3932; baseline -0.003 -18"><span class='ocrx_word' id='word_1_335' title='bbox 56 3859 85 3914; x_wconf 63' lang='lat'><strong>⁸¹2</strong></span> <span class='ocrx_word' id='word_1_336' title='bbox 100 3858 141 3910; x_wconf 80' lang='lat' dir='ltr'><strong>ted</strong></span> <span class='ocrx_word' id='word_1_337' title='bbox 161 3875 250 3928; x_wconf 80' lang='lat' dir='ltr'><strong>prauo</strong></span> <span class='ocrx_word' id='word_1_338' title='bbox 268 3859 341 3913; x_wconf 86' lang='lat' dir='ltr'><strong>loro.</strong></span> <span class='ocrx_word' id='word_1_339' title='bbox 376 3859 537 3928; x_wconf 82' lang='lat' dir='ltr'><strong>Monetium</strong></span> <span class='ocrx_word' id='word_1_340' title='bbox 561 3863 645 3915; x_wconf 86' lang='lat' dir='ltr'><strong>eredo</strong></span> <span class='ocrx_word' id='word_1_341' title='bbox 664 3861 787 3932; x_wconf 86' lang='lat' dir='ltr'><strong>primunr</strong></span> <span class='ocrx_word' id='word_1_342' title='bbox 806 3863 892 3916; x_wconf 87' lang='lat' dir='ltr'><strong>terite</strong></span> <span class='ocrx_word' id='word_1_343' title='bbox 911 3877 925 3913; x_wconf 93' lang='lat' dir='ltr'><strong>e</strong></span> <span class='ocrx_word' id='word_1_344' title='bbox 944 3862 1018 3914; x_wconf 91' lang='lat' dir='ltr'><strong>bono</strong></span> <span class='ocrx_word' id='word_1_345' title='bbox 1037 3859 1132 3912; x_wconf 84' lang='lat' dir='ltr'><strong>eodiee</strong></span> 
     </span>
     <span class='ocr_line' id='line_1_38' title="bbox 56 3941 1132 4023; baseline 0.015 -31"><span class='ocrx_word' id='word_1_346' title='bbox 56 3941 135 4001; x_wconf 77' lang='lat' dir='ltr'><strong>loram</strong></span> <span class='ocrx_word' id='word_1_347' title='bbox 151 3949 316 4020; x_wconf 72' lang='lat' dir='ltr'><strong>eapientem·</strong></span> <span class='ocrx_word' id='word_1_348' title='bbox 359 3952 506 4008; x_wconf 80' lang='lat' dir='ltr'><strong>ddeedont</strong></span> <span class='ocrx_word' id='word_1_349' title='bbox 523 3953 596 4023; x_wconf 78' lang='lat' dir='ltr'><strong>Spin.</strong></span> <span class='ocrx_word' id='word_1_350' title='bbox 615 3957 644 4008; x_wconf 87' lang='lat' dir='ltr'><strong>et</strong></span> <span class='ocrx_word' id='word_1_351' title='bbox 661 3955 733 4010; x_wconf 83' lang='lat' dir='ltr'><strong>Mor.</strong></span> <span class='ocrx_word' id='word_1_352' title='bbox 789 3954 833 4016; x_wconf 80' lang='lat' dir='ltr'><strong>tin</strong></span> <span class='ocrx_word' id='word_1_353' title='bbox 849 3953 903 4007; x_wconf 80' lang='lat' dir='ltr'><strong>hoe</strong></span> <span class='ocrx_word' id='word_1_354' title='bbox 920 3953 1016 4006; x_wconf 82' lang='lat' dir='ltr'><strong>codiee</strong></span> <span class='ocrx_word' id='word_1_355' title='bbox 1033 3957 1132 4008; x_wconf 78' lang='lat' dir='ltr'><strong>eontra</strong></span> 
     </span>
     <span class='ocr_line' id='line_1_39' title="bbox 57 4042 1131 4113; baseline 0.005 -20"><span class='ocrx_word' id='word_1_356' title='bbox 57 4043 319 4113; x_wconf 75' lang='lat' dir='ltr'><strong>ereprerrepetttnm</strong></span> <span class='ocrx_word' id='word_1_357' title='bbox 340 4059 438 4112; x_wconf 82' lang='lat' dir='ltr'><strong>rapere</strong></span> <span class='ocrx_word' id='word_1_358' title='bbox 456 4042 620 4100; x_wconf 76' lang='lat' dir='ltr'><strong>exciderunt</strong></span> <span class='ocrx_word' id='word_1_359' title='bbox 641 4047 714 4105; x_wconf 77' lang='lat' dir='ltr'><strong>iamet</strong></span> <span class='ocrx_word' id='word_1_360' title='bbox 747 4045 855 4105; x_wconf 77' lang='lat' dir='ltr'><strong>enitent,</strong></span> <span class='ocrx_word' id='word_1_361' title='bbox 884 4061 970 4112; x_wconf 83' lang='lat' dir='ltr'><strong>neque</strong></span> <span class='ocrx_word' id='word_1_362' title='bbox 988 4051 1077 4098; x_wconf 85' lang='lat' dir='ltr'><strong>tomen</strong></span> <span class='ocrx_word' id='word_1_363' title='bbox 1098 4075 1131 4087; x_wconf 93' lang='lat'><em>-</em></span> 
     </span>
     <span class='ocr_line' id='line_1_40' title="bbox 56 4135 1131 4208; baseline 0.004 -18"><span class='ocrx_word' id='word_1_364' title='bbox 56 4137 255 4203; x_wconf 63' lang='lat' dir='ltr'><strong>awanam).</strong></span> <span class='ocrx_word' id='word_1_365' title='bbox 310 4135 365 4190; x_wconf 75' lang='lat' dir='ltr'><strong>Sed</strong></span> <span class='ocrx_word' id='word_1_366' title='bbox 384 4137 470 4208; x_wconf 80' lang='lat' dir='ltr'><strong>Spin,</strong></span> <span class='ocrx_word' id='word_1_367' title='bbox 491 4143 522 4192; x_wconf 91' lang='lat' dir='ltr'><strong>ut</strong></span> <span class='ocrx_word' id='word_1_368' title='bbox 541 4139 618 4204; x_wconf 72' lang='lat' dir='ltr'><strong>Eri,</strong></span> <span class='ocrx_word' id='word_1_369' title='bbox 656 4139 760 4194; x_wconf 89' lang='lat' dir='ltr'><strong>omittit</strong></span> <span class='ocrx_word' id='word_1_370' title='bbox 776 4138 812 4189; x_wconf 80' lang='lat' dir='ltr'><strong>eit</strong></span> <span class='ocrx_word' id='word_1_371' title='bbox 840 4136 868 4190; x_wconf 90' lang='lat' dir='ltr'><strong>in</strong></span> <span class='ocrx_word' id='word_1_372' title='bbox 888 4143 1007 4206; x_wconf 79' lang='lat' dir='ltr'><strong>utraque</strong></span> <span class='ocrx_word' id='word_1_373' title='bbox 1026 4143 1131 4208; x_wconf 79' lang='lat' dir='ltr'><strong>protasi</strong></span> 
     </span>
     <span class='ocr_line' id='line_1_41' title="bbox 58 4215 1133 4304; baseline 0.01 -26"><span class='ocrx_word' id='word_1_374' title='bbox 58 4215 90 4278; x_wconf 74' lang='lat' dir='ltr'><strong>(ti</strong></span> <span class='ocrx_word' id='word_1_375' title='bbox 104 4229 228 4296; x_wconf 80' lang='lat' dir='ltr'><strong>eteapere</strong></span> <span class='ocrx_word' id='word_1_376' title='bbox 245 4229 427 4297; x_wconf 77' lang='lat' dir='ltr'><strong>expetendum</strong></span> <span class='ocrx_word' id='word_1_377' title='bbox 443 4235 486 4284; x_wconf 75' lang='lat' dir='ltr'><strong>etr</strong></span> <span class='ocrx_word' id='word_1_378' title='bbox 506 4232 532 4283; x_wconf 81' lang='lat' dir='ltr'><strong>ti</strong></span> <span class='ocrx_word' id='word_1_379' title='bbox 549 4232 713 4299; x_wconf 80' lang='lat' dir='ltr'><strong>atrumque),</strong></span> <span class='ocrx_word' id='word_1_380' title='bbox 732 4247 802 4298; x_wconf 83' lang='lat' dir='ltr'><strong>qrroa</strong></span> <span class='ocrx_word' id='word_1_381' title='bbox 820 4231 1044 4301; x_wconf 83' lang='lat' dir='ltr'><strong>repugnantibua</strong></span> <span class='ocrx_word' id='word_1_382' title='bbox 1062 4252 1133 4304; x_wconf 76' lang='lat' dir='ltr'><strong>pra·-</strong></span> 
     </span>
     <span class='ocr_line' id='line_1_42' title="bbox 58 4313 1132 4394; baseline 0.025 -36"><span class='ocrx_word' id='word_1_383' title='bbox 58 4313 138 4369; x_wconf 83' lang='lat' dir='ltr'><strong>rrrtim</strong></span> <span class='ocrx_word' id='word_1_384' title='bbox 160 4321 253 4389; x_wconf 87' lang='lat' dir='ltr'><strong>priore</strong></span> <span class='ocrx_word' id='word_1_385' title='bbox 276 4321 340 4376; x_wconf 83' lang='lat' dir='ltr'><strong>ioco</strong></span> <span class='ocrx_word' id='word_1_386' title='bbox 366 4321 526 4378; x_wconf 79' lang='lat' dir='ltr'><strong>Moreiiaoo</strong></span> <span class='ocrx_word' id='word_1_387' title='bbox 551 4327 578 4376; x_wconf 86' lang='lat' dir='ltr'><strong>et</strong></span> <span class='ocrx_word' id='word_1_388' title='bbox 604 4341 637 4376; x_wconf 88' lang='lat' dir='ltr'><strong>eo</strong></span> <span class='ocrx_word' id='word_1_389' title='bbox 666 4323 778 4386; x_wconf 84' lang='lat' dir='ltr'><strong>redire,</strong></span> <span class='ocrx_word' id='word_1_390' title='bbox 815 4339 828 4374; x_wconf 90' lang='lat' dir='ltr'><strong>e</strong></span> <span class='ocrx_word' id='word_1_391' title='bbox 850 4341 904 4394; x_wconf 90' lang='lat' dir='ltr'><strong>quo</strong></span> <span class='ocrx_word' id='word_1_392' title='bbox 924 4323 982 4379; x_wconf 79' lang='lat' dir='ltr'><strong>irne</strong></span> <span class='ocrx_word' id='word_1_393' title='bbox 1001 4328 1132 4385; x_wconf 85' lang='lat' dir='ltr'><strong>reatitutu</strong></span> 
     </span>
    </p>
   </div>
   <div class='ocr_carea' id='block_1_5' title="bbox 0 0 1357 4882">
    <p class='ocr_par' dir='ltr' id='par_1_6' title="bbox 0 0 1357 4882">
     <span class='ocr_line' id='line_1_43' title="bbox 0 0 1357 4882; baseline 0 0"><span class='ocrx_word' id='word_1_394' title='bbox 0 0 1357 4882; x_wconf 95' lang='lat' dir='ltr'><strong> </strong></span> 
     </span>
    </p>
   </div>
  </div>
 </body>
</html>
