2848 4888
490 237 725 306 ExcUttsth
749 241 792 304 V.
1124 245 1188 308 83⁰

30 471 35 480 -
94 451 166 500 mus,
184 449 301 505 ecquam
313 433 412 490 cicero
430 434 458 488 ia
471 451 569 490 sorum
578 434 724 490 sententiis
736 435 908 506 explicandis
925 435 1011 508 ipsius
1025 437 1126 494 arnoia
1145 454 1188 492 se·

92 537 162 592 riom
180 545 208 594 st
226 538 351 594 materia
368 539 545 610 disponenda
562 539 656 610 legens
669 547 781 596 secutus
799 538 854 606 sitr
874 541 958 613 idque
977 559 1011 596 eo
1030 541 1121 612 magis
1140 543 1186 596 ia·
1207 615 1214 626 “

16 697 18 706 ,
45 708 51 716 ι
92 641 220 698 oiesdom
240 643 363 708 uidetur,
383 643 455 714 quod
477 645 506 698 oi
525 643 589 714 ipsi,
608 643 662 698 etsi
683 645 719 698 do
737 647 798 700 tota
816 646 910 702 torma
928 665 982 700 noo
1003 643 1185 718 ambigimus,

46 808 49 821 ,
92 763 177 802 anum
202 754 298 802 tamen
333 753 360 804 et
374 749 498 804 sitorum
515 747 619 804 satisuo
637 749 786 804 eommodo
806 751 869 804 iot-o
887 751 988 806 eeteria
1007 749 1184 806 interiectum

90 859 184 916 osset,
203 869 253 906 oos
271 851 404 906 dubitsre
421 851 662 923 significantium,
680 859 708 906 et
727 869 817 923 super
835 860 881 910 uir
901 855 1000 911 doetus
1017 872 1093 910 noua
1111 873 1180 926 que·

16 1015 17 1022 ἵ
89 955 156 1010 dam
173 957 208 1010 de
225 954 377 1028 disciptinae
395 956 495 1012 ethica
505 955 664 1012 Stoicorum
681 954 819 1012 diuisione
838 959 867 1012 et
885 959 1067 1031 dispositione
1085 976 1184 1014 orooro

89 1063 117 1114 et
135 1061 191 1116 hoo
209 1060 272 1132 ipso
299 1061 374 1117 libre
391 1061 560 1116 confirmare
578 1067 697 1116 conatus
716 1067 766 1116 est.

156 1165 339 1236 deprimunt
359 1164 492 1236 quonism
512 1165 734 1236 postZeoonom,
752 1165 802 1236 qui
819 1184 943 1224 summm
962 1169 1041 1238 leges
1058 1185 1091 1222 su
1111 1187 1182 1240 pra·

87 1275 171 1338 eepta
196 1269 340 1334 ediderat,
377 1266 543 1340 disciplina,
581 1269 648 1324 dam
668 1269 706 1323 st·
725 1270 896 1328 aduersariis
913 1281 1111 1343 oppugnatur,
1145 1275 1182 1328 air

13 1355 17 1446 L
87 1369 156 1443 ipsis
173 1371 276 1428 Stoicis
297 1373 473 1440 detenditur,
491 1391 546 1428 uon
564 1373 657 1428 soium
682 1372 795 1428 uberius
815 1375 955 1446 explicato
979 1381 1006 1432 st
1032 1377 1184 1448 multisque

87 1477 217 1548 partitos
235 1481 357 1548 expleto,
375 1479 423 1532 sed
436 1475 523 1532 etism
535 1477 665 1532 notiones
682 1479 806 1549 qaedam
818 1497 873 1534 noa
888 1480 928 1535 ita
945 1479 1049 1536 leuiter
1067 1480 1183 1546 intime,

86 1583 216 1654 adparet,
235 1581 308 1637 inter
317 1581 550 1654 antiquissumsm
560 1581 784 1653 conpositionem
793 1595 878 1654 atque
889 1601 962 1650 eam,
981 1603 1041 1655 que
1050 1603 1181 1640 maxume

84 1693 153 1757 post
163 1685 355 1759 Chrysippum
376 1687 450 1753 iuit,
471 1687 649 1756 aliquantam
668 1685 805 1741 iuteresse
818 1687 958 1742 debuine.
1002 1689 1066 1758 ipse
1085 1697 1181 1744 sutsru

84 1789 281 1864 Chrysippus.
308 1807 480 1864 qsramquam
500 1790 591 1845 omnis
608 1789 735 1860 singalas
755 1787 844 1860 partis
864 1792 977 1846 uidetur
995 1791 1181 1858 constituisse,

82 1899 192 1962 tamea,
212 1897 346 1968 quoniam
366 1893 506 1967 precipua
517 1892 610 1966 cupita
625 1893 819 1965 particulatim
839 1895 985 1962 tractauit,
999 1913 1054 1950 ooo
1066 1915 1180 1952 omnem

81 1999 207 2056 ethicam
226 2001 405 2071 disoipiinam
429 1998 564 2054 continua
581 1996 735 2069 scriptione
758 1999 980 2068 conprehendit,
1007 2017 1072 2054 num
1093 1974 1179 2056 unuin

82 2106 168 2178 qnasi
176 2105 344 2177 legittimam
352 2104 439 2160 totius
447 2099 600 2172 disoipiiosr
608 2101 820 2172 dispositioem
828 2102 972 2170 habuerit,
990 2105 1118 2160 uoniisil
1128 2107 1180 2160 du·

67 2211 282 2281 -otssrtpotesu
305 2209 464 2266 Sedtamen
476 2207 536 2278 ipsa
548 2206 692 2260 notionum
712 2212 814 2260 notura
833 2207 1003 2278 otoogostio
1022 2209 1178 2279 eademque

81 2315 178 2372 osseis
195 2313 308 2385 origiue
326 2311 470 2383 repetendi
480 2317 508 2364 ot
516 2309 658 2364 tractandi
672 2307 745 2363 ratio
760 2326 939 2364 communem
956 2313 1094 2384 quendam
1105 2315 1179 2386 apud

81 2421 161 2474 hono
180 2425 209 2473 st
224 2435 288 2484 eos,
310 2416 356 2488 qui
377 2422 440 2486 post
459 2414 660 2477 nominarunt,
679 2412 809 2468 ordinem
829 2414 1033 2486 prooipasrum
1054 2417 1177 2486 psrtintn

79 2523 217 2578 eeieoisse
233 2521 356 2587 uidetur,
374 2537 458 2592 quom
477 2517 631 2590 prasertim
653 2516 691 2580 id,
709 2518 783 2587 qrsod
801 2518 972 2574 uarietatem
996 2521 1110 2576 adferre
1128 2539 1178 2592 po·

80 2635 169 2694 terat,
187 2627 339 2696 rarospud
357 2625 408 2678 tros
427 2621 691 2686 terruannorum,
710 2622 875 2676 utethiesm
896 2625 932 2678 ad
950 2640 1061 2678 somma
1072 2623 1178 2695 priori·

78 2733 129 2804 pia
145 2747 281 2787 reuocare
303 2737 331 2784 et
343 2746 407 2783 eom
420 2727 538 2799 physion
558 2731 586 2780 et
604 2724 775 2781 doetrisade
794 2727 847 2780 deo
860 2728 976 2798 propios
997 2735 1027 2783 et
1043 2730 1177 2786 subtilius

79 2843 250 2892 connectere
273 2837 420 2890 studerent
430 2835 461 2899 Ι).
527 2829 624 2901 itaque
649 2827 772 2884 osrietas
797 2829 903 2884 ordinis
928 2847 1059 2888 mosomo
1077 2833 1178 2890 relicta

77 2947 104 2997 st
122 2940 152 2994 ia
170 2937 348 3009 singularum
367 2936 505 2992 uirtutum
519 2941 548 2990 et
565 2935 709 2990 actionum
726 2933 904 2990 tractatione.
958 2913 1056 3001 lilius,
1092 2955 1177 3007 qoam

75 3045 145 3112 disi,
165 3042 272 3098 ordinis
290 3049 318 3098 ot
334 3042 525 3112 dispositionis
542 3038 666 3112 partious
684 3038 930 3094 adumbrationem
950 3047 1050 3110 preter
1063 3041 1176 3098 cicero·

77 3167 145 3204 nem
172 3149 313 3202 habemus
340 3148 415 3218 apud
442 3145 599 3216 Diogenem
628 3143 774 3198 laadrtium
801 3150 829 3197 et
852 3145 993 3198 doronem
1021 3144 1172 3210 stannum,

74 3255 146 3320 sed,
195 3259 227 3308 ot
251 3251 280 3306 io
305 3251 489 3322 scriptoribus
517 3247 654 3302 eiusmodi
681 3247 822 3319 expectari
851 3248 992 3312 detrabat,
1030 3265 1085 3304 non
1111 3266 1175 3320 per·

73 3356 242 3414 turbatione
261 3372 390 3411 uacuam.
428 3353 569 3424 Diogenes
589 3351 666 3420 (vii,
684 3349 734 3418 81)
753 3352 891 3406 moralem
910 3353 1021 3424 pariam
1040 3370 1058 3406 a
1070 3352 1174 3408 Stoicis

74 3459 166 3516 dioidi
194 3461 235 3516 stt
256 3461 293 3519 ris
309 3481 339 3516 rs
356 3457 405 3514 τὸν
421 3464 482 3530 napi
506 3453 591 3527 ὁρμῆς
614 3462 659 3511 soi
674 3451 709 3512 sr's
725 3451 774 3510 τόν
789 3461 852 3524 napi
877 3451 990 3528 ἀγαθῶ)
1016 3463 1060 3512 soi
1085 3452 1176 3514 mauis

73 3563 159 3624 sinor
176 3561 276 3624 seteis
294 3561 341 3621 ads
363 3571 423 3637 περὶ
448 3557 549 3618 παθῶν
573 3565 618 3614 set
636 3566 695 3631 περὶ
713 3554 806 3629 siparis
821 3567 868 3616 soi
884 3535 1048 3632 motatione
1064 3567 1127 3630 napi
1143 3583 1172 3617 ss

71 3665 120 3741 sa'fi
137 3667 246 3743 rspo'irpe
262 3667 339 3734 o'fisrt
355 3677 400 3724 stoi
420 3665 476 3723 suiv
493 3662 619 3738 πράξεων
638 3671 683 3720 roi
707 3672 768 3736 oroi
791 3663 846 3720 rtis
864 3663 1040 3734 uetustum
1055 3685 1172 3735 rrporpo-

71 3771 136 3830 ndis
153 3793 184 3830 rs
202 3782 247 3828 sot
263 3770 429 3844 ἀποτροπῶν.
485 3772 518 3824 io
542 3771 597 3824 hoo
615 3769 828 3846 enumeratione
853 3775 898 3834 et,
917 3787 976 3840 qtre
1005 3769 1173 3835 roisaereont,

70 3881 148 3934 mire
173 3879 292 3933 distrahi
312 3885 340 3934 et
359 3877 456 3930 eodem
476 3875 557 3946 quasi
580 3873 693 3928 diuersa
718 3872 820 3944 repeti,
846 3873 919 3941 quod
945 3870 1076 3943 pluribus
1105 3873 1173 3926 iocis

71 3982 235 4038 necessario
254 3981 478 4052 adtingerentur,
498 3979 620 4050 primum
645 3995 677 4031 er
703 3978 765 4048 ipso
790 3977 918 4046 adparet.
971 3977 1043 4030 Nam
1068 3972 1083 4030 ὖ
1110 3983 1171 4046 nspt

68 4085 164 4144 stione
183 4083 263 4144 sinos
287 4087 427 4159 quomodo
445 4083 570 4154 soporari
584 4089 694 4156 potorot
713 4099 729 4136 a
750 4081 931 4134 bonorumet
948 4082 1088 4136 rusiorum
1109 4088 1167 4136 tru-

91 4281 113 4332 t)
129 4277 157 4324 to
173 4277 225 4336 ipss
239 4277 292 4323 bosi
305 4278 398 4324 notione
416 4281 439 4322 ot
454 4275 568 4323 astorsiis
584 4273 642 4332 tegis
658 4271 702 4318 hoe
719 4287 824 4322 merome
843 4273 1000 4322 desiderator.
